<?xml version="1.0" encoding="UTF-8"?>
<!DOCTYPE html PUBLIC "-//W3C//DTD XHTML 1.0 Transitional//EN"
    "http://www.w3.org/TR/xhtml1/DTD/xhtml1-transitional.dtd">
<html xmlns="http://www.w3.org/1999/xhtml" xml:lang="en" lang="en">
 <head>
  <title>
</title>
<meta http-equiv="Content-Type" content="text/html;charset=utf-8" />
  <meta name='ocr-system' content='tesseract 3.04.00' />
  <meta name='ocr-capabilities' content='ocr_page ocr_carea ocr_par ocr_line ocrx_word'/>
</head>
<body>
  <div class='ocr_page' id='page_1' title='image "./aburbeconditali00weisgoog_0054.png"; bbox 0 0 2588 4226; ppageno 0'>
   <div class='ocr_carea' id='block_1_1' title="bbox 956 1 1273 9">
    <p class='ocr_par' dir='ltr' id='par_1_1' title="bbox 956 1 1273 9">
     <span class='ocr_line' id='line_1_1' title="bbox 956 1 1273 9; baseline 0.003 -6"><span class='ocrx_word' id='word_1_1' title='bbox 956 1 1253 9; x_wconf 63' lang='lat' dir='ltr'><strong>—-v-vv·-v-—--=--=v-—-</strong></span> <span class='ocrx_word' id='word_1_2' title='bbox 1258 1 1273 4; x_wconf 60' lang='grc'><strong>,-</strong></span> 
     </span>
    </p>
   </div>
   <div class='ocr_carea' id='block_1_2' title="bbox 105 183 1165 250">
    <p class='ocr_par' dir='ltr' id='par_1_2' title="bbox 105 183 1165 250">
     <span class='ocr_line' id='line_1_2' title="bbox 105 183 1165 250; baseline -0.005 -9"><span class='ocrx_word' id='word_1_3' title='bbox 105 199 230 243; x_wconf 65' lang='lat' dir='ltr'><strong>acato.</strong></span> <span class='ocrx_word' id='word_1_4' title='bbox 469 184 564 236; x_wconf 83' lang='lat' dir='ltr'><strong>nrann</strong></span> <span class='ocrx_word' id='word_1_5' title='bbox 585 183 626 236; x_wconf 90' lang='lat' dir='ltr'><strong>nr.</strong></span> <span class='ocrx_word' id='word_1_6' title='bbox 663 185 731 238; x_wconf 78' lang='lat' dir='ltr'><strong>ear.</strong></span> <span class='ocrx_word' id='word_1_7' title='bbox 754 189 794 240; x_wconf 84' lang='lat' dir='ltr'><strong>io.</strong></span> <span class='ocrx_word' id='word_1_8' title='bbox 1123 185 1165 250; x_wconf 84' lang='lat'><strong>43</strong></span> 
     </span>
    </p>
   </div>
   <div class='ocr_carea' id='block_1_3' title="bbox 95 339 1196 2131">
    <p class='ocr_par' dir='ltr' id='par_1_3' title="bbox 95 339 1196 2131">
     <span class='ocr_line' id='line_1_3' title="bbox 105 339 1163 422; baseline 0 -22"><span class='ocrx_word' id='word_1_9' title='bbox 105 359 163 400; x_wconf 93' lang='lat' dir='ltr'><strong>non</strong></span> <span class='ocrx_word' id='word_1_10' title='bbox 185 342 266 402; x_wconf 92' lang='lat' dir='ltr'><strong>utin</strong></span> <span class='ocrx_word' id='word_1_11' title='bbox 287 359 319 401; x_wconf 87' lang='lat' dir='ltr'><strong>re</strong></span> <span class='ocrx_word' id='word_1_12' title='bbox 341 342 457 420; x_wconf 90' lang='lat' dir='ltr'><strong>publica</strong></span> <span class='ocrx_word' id='word_1_13' title='bbox 478 342 579 420; x_wconf 86' lang='lat' dir='ltr'><strong>populi</strong></span> <span class='ocrx_word' id='word_1_14' title='bbox 600 342 734 416; x_wconf 88' lang='lat' dir='ltr'><strong>Romani,</strong></span> <span class='ocrx_word' id='word_1_15' title='bbox 759 342 809 402; x_wconf 90' lang='lat' dir='ltr'><strong>sed</strong></span> <span class='ocrx_word' id='word_1_16' title='bbox 832 343 913 403; x_wconf 91' lang='lat' dir='ltr'><strong>utin</strong></span> <span class='ocrx_word' id='word_1_17' title='bbox 935 339 1046 422; x_wconf 86' lang='lat' dir='ltr'><strong>perdita</strong></span> <span class='ocrx_word' id='word_1_18' title='bbox 1062 339 1163 415; x_wconf 91' lang='lat' dir='ltr'><strong>domo,</strong></span> 
     </span>
     <span class='ocr_line' id='line_1_4' title="bbox 103 425 1192 507; baseline -0.001 -21"><span class='ocrx_word' id='word_1_19' title='bbox 103 426 196 505; x_wconf 84' lang='lat' dir='ltr'><strong>lingna</strong></span> <span class='ocrx_word' id='word_1_20' title='bbox 211 425 443 506; x_wconf 81' lang='lat' dir='ltr'><strong>criminibusque</strong></span> <span class='ocrx_word' id='word_1_21' title='bbox 457 437 621 507; x_wconf 84' lang='lat' dir='ltr'><strong>regnarent</strong></span> <span class='ocrx_word' id='word_1_22' title='bbox 642 444 710 487; x_wconf 88' lang='lat' dir='ltr'><strong>cum</strong></span> <span class='ocrx_word' id='word_1_23' title='bbox 726 427 855 488; x_wconf 87' lang='lat' dir='ltr'><strong>Caesone</strong></span> <span class='ocrx_word' id='word_1_24' title='bbox 870 427 928 488; x_wconf 87' lang='lat' dir='ltr'><strong>lilio</strong></span> <span class='ocrx_word' id='word_1_25' title='bbox 945 444 1000 487; x_wconf 90' lang='lat' dir='ltr'><strong>suo</strong></span> <span class='ocrx_word' id='word_1_26' title='bbox 1015 427 1162 500; x_wconf 76' lang='lat' dir='ltr'><strong>virtutem,</strong></span> <span class='ocrx_word' id='word_1_27' title='bbox 1178 436 1192 484; x_wconf 87' lang='lat'><strong>5</strong></span> 
     </span>
     <span class='ocr_line' id='line_1_5' title="bbox 103 511 1164 591; baseline 0 -21"><span class='ocrx_word' id='word_1_28' title='bbox 103 513 306 586; x_wconf 74' lang='lat' dir='ltr'><strong>constantiam,</strong></span> <span class='ocrx_word' id='word_1_29' title='bbox 337 514 434 574; x_wconf 90' lang='lat' dir='ltr'><strong>omnia</strong></span> <span class='ocrx_word' id='word_1_30' title='bbox 463 513 622 574; x_wconf 84' lang='lat' dir='ltr'><strong>iuventutis</strong></span> <span class='ocrx_word' id='word_1_31' title='bbox 643 511 710 572; x_wconf 89' lang='lat' dir='ltr'><strong>belli</strong></span> <span class='ocrx_word' id='word_1_32' title='bbox 732 512 871 591; x_wconf 80' lang='lat' dir='ltr'><strong>domique</strong></span> <span class='ocrx_word' id='word_1_33' title='bbox 893 512 999 572; x_wconf 90' lang='lat' dir='ltr'><strong>decora</strong></span> <span class='ocrx_word' id='word_1_34' title='bbox 1022 511 1105 591; x_wconf 86' lang='lat' dir='ltr'><strong>pulsa</strong></span> <span class='ocrx_word' id='word_1_35' title='bbox 1128 530 1164 571; x_wconf 81' lang='lat' dir='ltr'><strong>en</strong></span> 
     </span>
     <span class='ocr_line' id='line_1_6' title="bbox 102 595 1162 678; baseline 0 -22"><span class='ocrx_word' id='word_1_36' title='bbox 102 595 174 658; x_wconf 89' lang='lat' dir='ltr'><strong>urbe</strong></span> <span class='ocrx_word' id='word_1_37' title='bbox 192 599 324 660; x_wconf 85' lang='lat' dir='ltr'><strong>Romana</strong></span> <span class='ocrx_word' id='word_1_38' title='bbox 346 607 374 659; x_wconf 88' lang='lat' dir='ltr'><strong>et</strong></span> <span class='ocrx_word' id='word_1_39' title='bbox 395 601 492 678; x_wconf 83' lang='lat' dir='ltr'><strong>fugata</strong></span> <span class='ocrx_word' id='word_1_40' title='bbox 514 617 594 671; x_wconf 85' lang='lat' dir='ltr'><strong>esse;</strong></span> <span class='ocrx_word' id='word_1_41' title='bbox 614 598 762 676; x_wconf 82' lang='lat' dir='ltr'><strong>loquaces,</strong></span> <span class='ocrx_word' id='word_1_42' title='bbox 786 597 949 670; x_wconf 87' lang='lat' dir='ltr'><strong>seditiosos,</strong></span> <span class='ocrx_word' id='word_1_43' title='bbox 973 597 1085 658; x_wconf 88' lang='lat' dir='ltr'><strong>semina</strong></span> <span class='ocrx_word' id='word_1_44' title='bbox 1099 597 1162 657; x_wconf 92' lang='lat' dir='ltr'><strong>dis-</strong></span> 
     </span>
     <span class='ocr_line' id='line_1_7' title="bbox 100 681 1162 762; baseline 0.002 -21"><span class='ocrx_word' id='word_1_45' title='bbox 100 683 274 760; x_wconf 87' lang='lat' dir='ltr'><strong>cordiarum,</strong></span> <span class='ocrx_word' id='word_1_46' title='bbox 288 683 396 744; x_wconf 90' lang='lat' dir='ltr'><strong>iterum</strong></span> <span class='ocrx_word' id='word_1_47' title='bbox 412 704 445 744; x_wconf 89' lang='lat' dir='ltr'><strong>ac</strong></span> <span class='ocrx_word' id='word_1_48' title='bbox 460 683 576 746; x_wconf 89' lang='lat' dir='ltr'><strong>tertium</strong></span> <span class='ocrx_word' id='word_1_49' title='bbox 588 682 724 744; x_wconf 88' lang='lat' dir='ltr'><strong>tribunos</strong></span> <span class='ocrx_word' id='word_1_50' title='bbox 740 681 876 760; x_wconf 85' lang='lat' dir='ltr'><strong>pessimis</strong></span> <span class='ocrx_word' id='word_1_51' title='bbox 895 681 1015 755; x_wconf 87' lang='lat' dir='ltr'><strong>artibus,</strong></span> <span class='ocrx_word' id='word_1_52' title='bbox 1032 682 1111 762; x_wconf 85' lang='lat' dir='ltr'><strong>regia</strong></span> <span class='ocrx_word' id='word_1_53' title='bbox 1125 682 1162 743; x_wconf 93' lang='lat' dir='ltr'><strong>li-</strong></span> 
     </span>
     <span class='ocr_line' id='line_1_8' title="bbox 99 767 1194 847; baseline 0 -21"><span class='ocrx_word' id='word_1_54' title='bbox 99 769 191 829; x_wconf 88' lang='lat' dir='ltr'><strong>centia</strong></span> <span class='ocrx_word' id='word_1_55' title='bbox 211 769 318 830; x_wconf 82' lang='lat' dir='ltr'><strong>vivere.</strong></span> <span class='ocrx_word' id='word_1_56' title='bbox 355 770 485 847; x_wconf 76' lang='lat' dir='ltr'><strong>„dulus‘</strong></span> <span class='ocrx_word' id='word_1_57' title='bbox 507 769 602 847; x_wconf 92' lang='lat' dir='ltr'><strong>inquit</strong></span> <span class='ocrx_word' id='word_1_58' title='bbox 623 769 687 846; x_wconf 92' lang='lat' dir='ltr'><strong>„ille</strong></span> <span class='ocrx_word' id='word_1_59' title='bbox 702 767 866 846; x_wconf 84' lang='lat' dir='ltr'><strong>Verginius,</strong></span> <span class='ocrx_word' id='word_1_60' title='bbox 890 767 957 845; x_wconf 90' lang='lat' dir='ltr'><strong>qnia</strong></span> <span class='ocrx_word' id='word_1_61' title='bbox 975 767 1005 826; x_wconf 94' lang='lat' dir='ltr'><strong>in</strong></span> <span class='ocrx_word' id='word_1_62' title='bbox 1023 767 1162 846; x_wconf 84' lang='lat' dir='ltr'><strong>Capitolio</strong></span> <span class='ocrx_word' id='word_1_63' title='bbox 1179 777 1194 826; x_wconf 84' lang='lat'><strong>6</strong></span> 
     </span>
     <span class='ocr_line' id='line_1_9' title="bbox 101 849 1164 934; baseline 0.001 -22"><span class='ocrx_word' id='word_1_64' title='bbox 101 856 240 931; x_wconf 84' lang='lat' dir='ltr'><strong>nonfuit,</strong></span> <span class='ocrx_word' id='word_1_65' title='bbox 264 855 363 915; x_wconf 88' lang='lat' dir='ltr'><strong>minus</strong></span> <span class='ocrx_word' id='word_1_66' title='bbox 378 855 512 934; x_wconf 88' lang='lat' dir='ltr'><strong>supplicii</strong></span> <span class='ocrx_word' id='word_1_67' title='bbox 526 872 614 933; x_wconf 88' lang='lat' dir='ltr'><strong>qnam</strong></span> <span class='ocrx_word' id='word_1_68' title='bbox 630 855 743 933; x_wconf 80' lang='lat' dir='ltr'><strong>Appius</strong></span> <span class='ocrx_word' id='word_1_69' title='bbox 759 852 929 914; x_wconf 85' lang='lat' dir='ltr'><strong>Herdonius</strong></span> <span class='ocrx_word' id='word_1_70' title='bbox 948 849 1076 913; x_wconf 76' lang='lat' dir='ltr'><strong>meruit?</strong></span> <span class='ocrx_word' id='word_1_71' title='bbox 1098 854 1164 932; x_wconf 89' lang='lat' dir='ltr'><strong>plus</strong></span> 
     </span>
     <span class='ocr_line' id='line_1_10' title="bbox 102 937 1165 1019; baseline 0 -21"><span class='ocrx_word' id='word_1_72' title='bbox 102 938 216 1000; x_wconf 86' lang='lat' dir='ltr'><strong>hercule</strong></span> <span class='ocrx_word' id='word_1_73' title='bbox 237 941 395 1018; x_wconf 90' lang='lat' dir='ltr'><strong>aliquanto,</strong></span> <span class='ocrx_word' id='word_1_74' title='bbox 416 940 467 1019; x_wconf 92' lang='lat' dir='ltr'><strong>qni</strong></span> <span class='ocrx_word' id='word_1_75' title='bbox 490 959 558 1000; x_wconf 88' lang='lat' dir='ltr'><strong>vere</strong></span> <span class='ocrx_word' id='word_1_76' title='bbox 579 959 642 1001; x_wconf 89' lang='lat' dir='ltr'><strong>rem</strong></span> <span class='ocrx_word' id='word_1_77' title='bbox 663 940 817 999; x_wconf 88' lang='lat' dir='ltr'><strong>aestimare</strong></span> <span class='ocrx_word' id='word_1_78' title='bbox 833 938 908 999; x_wconf 88' lang='lat' dir='ltr'><strong>velit.</strong></span> <span class='ocrx_word' id='word_1_79' title='bbox 939 937 1118 1014; x_wconf 88' lang='lat' dir='ltr'><strong>Herdonius,</strong></span> <span class='ocrx_word' id='word_1_80' title='bbox 1141 939 1165 998; x_wconf 91' lang='lat' dir='ltr'><strong>si</strong></span> 
     </span>
     <span class='ocr_line' id='line_1_11' title="bbox 103 1023 1164 1104; baseline 0.001 -22"><span class='ocrx_word' id='word_1_81' title='bbox 103 1025 172 1084; x_wconf 91' lang='lat' dir='ltr'><strong>nihd</strong></span> <span class='ocrx_word' id='word_1_82' title='bbox 187 1025 274 1099; x_wconf 87' lang='lat' dir='ltr'><strong>alind,</strong></span> <span class='ocrx_word' id='word_1_83' title='bbox 290 1023 405 1086; x_wconf 80' lang='lat' dir='ltr'><strong>hostem</strong></span> <span class='ocrx_word' id='word_1_84' title='bbox 421 1045 452 1086; x_wconf 90' lang='lat' dir='ltr'><strong>se</strong></span> <span class='ocrx_word' id='word_1_85' title='bbox 463 1026 579 1086; x_wconf 84' lang='lat' dir='ltr'><strong>fatendo</strong></span> <span class='ocrx_word' id='word_1_86' title='bbox 592 1044 684 1104; x_wconf 86' lang='lat' dir='ltr'><strong>prope</strong></span> <span class='ocrx_word' id='word_1_87' title='bbox 700 1025 890 1099; x_wconf 86' lang='lat' dir='ltr'><strong>denuntiavit,</strong></span> <span class='ocrx_word' id='word_1_88' title='bbox 907 1033 940 1084; x_wconf 88' lang='lat' dir='ltr'><strong>ut</strong></span> <span class='ocrx_word' id='word_1_89' title='bbox 951 1041 1032 1083; x_wconf 91' lang='lat' dir='ltr'><strong>arma</strong></span> <span class='ocrx_word' id='word_1_90' title='bbox 1044 1041 1164 1101; x_wconf 86' lang='lat' dir='ltr'><strong>capere-</strong></span> 
     </span>
     <span class='ocr_line' id='line_1_12' title="bbox 101 1109 1165 1190; baseline 0 -22"><span class='ocrx_word' id='word_1_91' title='bbox 101 1109 155 1182; x_wconf 82' lang='lat' dir='ltr'><strong>tis3</strong></span> <span class='ocrx_word' id='word_1_92' title='bbox 173 1111 219 1172; x_wconf 90' lang='lat' dir='ltr'><strong>hic</strong></span> <span class='ocrx_word' id='word_1_93' title='bbox 241 1111 376 1190; x_wconf 82' lang='lat' dir='ltr'><strong>negando</strong></span> <span class='ocrx_word' id='word_1_94' title='bbox 392 1111 466 1172; x_wconf 90' lang='lat' dir='ltr'><strong>bella</strong></span> <span class='ocrx_word' id='word_1_95' title='bbox 482 1130 548 1172; x_wconf 88' lang='lat' dir='ltr'><strong>esse</strong></span> <span class='ocrx_word' id='word_1_96' title='bbox 563 1129 644 1172; x_wconf 87' lang='lat' dir='ltr'><strong>arma</strong></span> <span class='ocrx_word' id='word_1_97' title='bbox 660 1110 742 1170; x_wconf 91' lang='lat' dir='ltr'><strong>vobis</strong></span> <span class='ocrx_word' id='word_1_98' title='bbox 760 1109 876 1181; x_wconf 83' lang='lat' dir='ltr'><strong>ademit,</strong></span> <span class='ocrx_word' id='word_1_99' title='bbox 899 1109 1056 1187; x_wconf 89' lang='lat' dir='ltr'><strong>nudosque</strong></span> <span class='ocrx_word' id='word_1_100' title='bbox 1072 1109 1165 1168; x_wconf 87' lang='lat' dir='ltr'><strong>servis</strong></span> 
     </span>
     <span class='ocr_line' id='line_1_13' title="bbox 102 1192 1194 1274; baseline 0.005 -22"><span class='ocrx_word' id='word_1_101' title='bbox 102 1196 205 1256; x_wconf 78' lang='lat' dir='ltr'><strong>uestris</strong></span> <span class='ocrx_word' id='word_1_102' title='bbox 226 1206 255 1257; x_wconf 90' lang='lat' dir='ltr'><strong>et</strong></span> <span class='ocrx_word' id='word_1_103' title='bbox 276 1197 411 1258; x_wconf 80' lang='lat' dir='ltr'><strong>exulibus</strong></span> <span class='ocrx_word' id='word_1_104' title='bbox 434 1196 547 1257; x_wconf 86' lang='lat' dir='ltr'><strong>obiecit.</strong></span> <span class='ocrx_word' id='word_1_105' title='bbox 589 1205 617 1256; x_wconf 90' lang='lat' dir='ltr'><strong>et</strong></span> <span class='ocrx_word' id='word_1_106' title='bbox 638 1214 691 1256; x_wconf 87' lang='lat' dir='ltr'><strong>vos</strong></span> <span class='ocrx_word' id='word_1_107' title='bbox 708 1230 748 1238; x_wconf 89' lang='lat'><em>-</em></span> <span class='ocrx_word' id='word_1_108' title='bbox 765 1196 795 1256; x_wconf 81' lang='lat' dir='ltr'><strong>C.</strong></span> <span class='ocrx_word' id='word_1_109' title='bbox 817 1194 917 1256; x_wconf 85' lang='lat' dir='ltr'><strong>Claudi</strong></span> <span class='ocrx_word' id='word_1_110' title='bbox 939 1213 1009 1274; x_wconf 87' lang='lat' dir='ltr'><strong>pace</strong></span> <span class='ocrx_word' id='word_1_111' title='bbox 1032 1201 1060 1254; x_wconf 89' lang='lat' dir='ltr'><strong>et</strong></span> <span class='ocrx_word' id='word_1_112' title='bbox 1079 1192 1194 1257; x_wconf 81' lang='lat' dir='ltr'><strong>Publia</strong></span> 
     </span>
     <span class='ocr_line' id='line_1_14' title="bbox 100 1279 1166 1361; baseline 0.001 -23"><span class='ocrx_word' id='word_1_113' title='bbox 100 1280 194 1341; x_wconf 80' lang='lat' dir='ltr'><strong>Valeri</strong></span> <span class='ocrx_word' id='word_1_114' title='bbox 208 1284 317 1342; x_wconf 89' lang='lat' dir='ltr'><strong>mortui</strong></span> <span class='ocrx_word' id='word_1_115' title='bbox 336 1282 441 1361; x_wconf 88' lang='lat' dir='ltr'><strong>loquar</strong></span> <span class='ocrx_word' id='word_1_116' title='bbox 452 1316 491 1325; x_wconf 90' lang='lat'>—</span> <span class='ocrx_word' id='word_1_117' title='bbox 502 1283 585 1360; x_wconf 83' lang='lat' dir='ltr'><strong>prins</strong></span> <span class='ocrx_word' id='word_1_118' title='bbox 602 1281 633 1341; x_wconf 96' lang='lat' dir='ltr'><strong>in</strong></span> <span class='ocrx_word' id='word_1_119' title='bbox 648 1282 756 1341; x_wconf 91' lang='lat' dir='ltr'><strong>clivum</strong></span> <span class='ocrx_word' id='word_1_120' title='bbox 772 1281 967 1359; x_wconf 80' lang='lat' dir='ltr'><strong>Capitolinum</strong></span> <span class='ocrx_word' id='word_1_121' title='bbox 989 1281 1070 1358; x_wconf 83' lang='lat' dir='ltr'><strong>signa</strong></span> <span class='ocrx_word' id='word_1_122' title='bbox 1084 1279 1166 1340; x_wconf 86' lang='lat' dir='ltr'><strong>intu-</strong></span> 
     </span>
     <span class='ocr_line' id='line_1_15' title="bbox 98 1363 1165 1446; baseline 0.002 -22"><span class='ocrx_word' id='word_1_123' title='bbox 98 1366 182 1442; x_wconf 84' lang='lat' dir='ltr'><strong>listis,</strong></span> <span class='ocrx_word' id='word_1_124' title='bbox 204 1386 293 1446; x_wconf 90' lang='lat' dir='ltr'><strong>quam</strong></span> <span class='ocrx_word' id='word_1_125' title='bbox 316 1368 372 1429; x_wconf 93' lang='lat' dir='ltr'><strong>hos</strong></span> <span class='ocrx_word' id='word_1_126' title='bbox 394 1367 487 1430; x_wconf 91' lang='lat' dir='ltr'><strong>hostis</strong></span> <span class='ocrx_word' id='word_1_127' title='bbox 503 1368 539 1427; x_wconf 92' lang='lat' dir='ltr'><strong>de</strong></span> <span class='ocrx_word' id='word_1_128' title='bbox 556 1369 622 1426; x_wconf 81' lang='lat' dir='ltr'><strong>foro</strong></span> <span class='ocrx_word' id='word_1_129' title='bbox 637 1363 799 1428; x_wconf 75' lang='lat' dir='ltr'><strong>tolleretis?</strong></span> <span class='ocrx_word' id='word_1_130' title='bbox 820 1365 911 1444; x_wconf 90' lang='lat' dir='ltr'><strong>pudet</strong></span> <span class='ocrx_word' id='word_1_131' title='bbox 926 1365 1049 1426; x_wconf 89' lang='lat' dir='ltr'><strong>deorum</strong></span> <span class='ocrx_word' id='word_1_132' title='bbox 1065 1366 1165 1426; x_wconf 91' lang='lat' dir='ltr'><strong>homi·</strong></span> 
     </span>
     <span class='ocr_line' id='line_1_16' title="bbox 101 1451 1167 1531; baseline -0.001 -19"><span class='ocrx_word' id='word_1_133' title='bbox 101 1470 243 1531; x_wconf 89' lang='lat' dir='ltr'><strong>numque.</strong></span> <span class='ocrx_word' id='word_1_134' title='bbox 285 1471 354 1513; x_wconf 87' lang='lat' dir='ltr'><strong>cum</strong></span> <span class='ocrx_word' id='word_1_135' title='bbox 374 1453 474 1514; x_wconf 90' lang='lat' dir='ltr'><strong>hostes</strong></span> <span class='ocrx_word' id='word_1_136' title='bbox 495 1453 525 1512; x_wconf 93' lang='lat' dir='ltr'><strong>in</strong></span> <span class='ocrx_word' id='word_1_137' title='bbox 547 1471 623 1526; x_wconf 89' lang='lat' dir='ltr'><strong>arce,</strong></span> <span class='ocrx_word' id='word_1_138' title='bbox 646 1453 677 1512; x_wconf 93' lang='lat' dir='ltr'><strong>in</strong></span> <span class='ocrx_word' id='word_1_139' title='bbox 700 1451 840 1530; x_wconf 82' lang='lat' dir='ltr'><strong>Capitolio</strong></span> <span class='ocrx_word' id='word_1_140' title='bbox 864 1460 972 1526; x_wconf 85' lang='lat' dir='ltr'><strong>essent,</strong></span> <span class='ocrx_word' id='word_1_141' title='bbox 995 1451 1115 1512; x_wconf 85' lang='lat' dir='ltr'><strong>exulum</strong></span> <span class='ocrx_word' id='word_1_142' title='bbox 1138 1460 1167 1511; x_wconf 90' lang='lat' dir='ltr'><strong>et</strong></span> 
     </span>
     <span class='ocr_line' id='line_1_17' title="bbox 99 1536 1166 1615; baseline -0.001 -18"><span class='ocrx_word' id='word_1_143' title='bbox 99 1556 257 1599; x_wconf 84' lang='lat' dir='ltr'><strong>servorum</strong></span> <span class='ocrx_word' id='word_1_144' title='bbox 279 1538 340 1598; x_wconf 87' lang='lat' dir='ltr'><strong>dux</strong></span> <span class='ocrx_word' id='word_1_145' title='bbox 360 1539 521 1615; x_wconf 83' lang='lat' dir='ltr'><strong>profanatis</strong></span> <span class='ocrx_word' id='word_1_146' title='bbox 541 1537 681 1598; x_wconf 88' lang='lat' dir='ltr'><strong>omnibus</strong></span> <span class='ocrx_word' id='word_1_147' title='bbox 701 1539 732 1597; x_wconf 92' lang='lat' dir='ltr'><strong>in</strong></span> <span class='ocrx_word' id='word_1_148' title='bbox 749 1537 819 1597; x_wconf 87' lang='lat' dir='ltr'><strong>cella</strong></span> <span class='ocrx_word' id='word_1_149' title='bbox 836 1538 914 1598; x_wconf 87' lang='lat' dir='ltr'><strong>Iovis</strong></span> <span class='ocrx_word' id='word_1_150' title='bbox 930 1536 1032 1615; x_wconf 87' lang='lat' dir='ltr'><strong>optimi</strong></span> <span class='ocrx_word' id='word_1_151' title='bbox 1046 1538 1166 1597; x_wconf 87' lang='lat' dir='ltr'><strong>maximi</strong></span> 
     </span>
     <span class='ocr_line' id='line_1_18' title="bbox 98 1622 1195 1700; baseline 0.001 -18"><span class='ocrx_word' id='word_1_152' title='bbox 98 1622 255 1699; x_wconf 82' lang='lat' dir='ltr'><strong>habitaret,</strong></span> <span class='ocrx_word' id='word_1_153' title='bbox 283 1623 402 1683; x_wconf 85' lang='lat' dir='ltr'><strong>Tusculi</strong></span> <span class='ocrx_word' id='word_1_154' title='bbox 433 1632 497 1684; x_wconf 83' lang='lat' dir='ltr'><strong>anto</strong></span> <span class='ocrx_word' id='word_1_155' title='bbox 529 1641 618 1700; x_wconf 91' lang='lat' dir='ltr'><strong>quam</strong></span> <span class='ocrx_word' id='word_1_156' title='bbox 637 1623 747 1684; x_wconf 88' lang='lat' dir='ltr'><strong>Rornae</strong></span> <span class='ocrx_word' id='word_1_157' title='bbox 769 1631 885 1700; x_wconf 88' lang='lat' dir='ltr'><strong>sumpta</strong></span> <span class='ocrx_word' id='word_1_158' title='bbox 908 1629 977 1682; x_wconf 87' lang='lat' dir='ltr'><strong>sunt</strong></span> <span class='ocrx_word' id='word_1_159' title='bbox 997 1640 1093 1694; x_wconf 80' lang='lat' dir='ltr'><strong>arma3</strong></span> <span class='ocrx_word' id='word_1_160' title='bbox 1135 1623 1195 1683; x_wconf 74' lang='lat' dir='ltr'><strong>ine</strong></span> 
     </span>
     <span class='ocr_line' id='line_1_19' title="bbox 98 1705 1166 1784; baseline 0 -16"><span class='ocrx_word' id='word_1_161' title='bbox 98 1708 190 1769; x_wconf 93' lang='lat' dir='ltr'><strong>dnbio</strong></span> <span class='ocrx_word' id='word_1_162' title='bbox 213 1707 278 1780; x_wconf 81' lang='lat' dir='ltr'><strong>fuit,</strong></span> <span class='ocrx_word' id='word_1_163' title='bbox 301 1716 400 1768; x_wconf 92' lang='lat' dir='ltr'><strong>utrum</strong></span> <span class='ocrx_word' id='word_1_164' title='bbox 417 1708 450 1768; x_wconf 90' lang='lat' dir='ltr'><strong>L.</strong></span> <span class='ocrx_word' id='word_1_165' title='bbox 464 1708 620 1784; x_wconf 89' lang='lat' dir='ltr'><strong>Mamilius,</strong></span> <span class='ocrx_word' id='word_1_166' title='bbox 641 1706 828 1768; x_wconf 87' lang='lat' dir='ltr'><strong>Tusculanus</strong></span> <span class='ocrx_word' id='word_1_167' title='bbox 843 1707 913 1782; x_wconf 86' lang='lat' dir='ltr'><strong>dnn,</strong></span> <span class='ocrx_word' id='word_1_168' title='bbox 934 1725 971 1766; x_wconf 93' lang='lat' dir='ltr'><strong>an</strong></span> <span class='ocrx_word' id='word_1_169' title='bbox 985 1706 1018 1768; x_wconf 86' lang='lat' dir='ltr'><strong>P.</strong></span> <span class='ocrx_word' id='word_1_170' title='bbox 1034 1705 1166 1768; x_wconf 87' lang='lat' dir='ltr'><strong>Valerius</strong></span> 
     </span>
     <span class='ocr_line' id='line_1_20' title="bbox 95 1791 1166 1869; baseline -0.004 -15"><span class='ocrx_word' id='word_1_171' title='bbox 95 1803 127 1854; x_wconf 86' lang='lat' dir='ltr'><strong>et</strong></span> <span class='ocrx_word' id='word_1_172' title='bbox 147 1795 178 1854; x_wconf 86' lang='lat' dir='ltr'><strong>C.</strong></span> <span class='ocrx_word' id='word_1_173' title='bbox 192 1792 330 1855; x_wconf 85' lang='lat' dir='ltr'><strong>Claudius</strong></span> <span class='ocrx_word' id='word_1_174' title='bbox 353 1794 489 1854; x_wconf 89' lang='lat' dir='ltr'><strong>consules</strong></span> <span class='ocrx_word' id='word_1_175' title='bbox 503 1795 668 1856; x_wconf 85' lang='lat' dir='ltr'><strong>Romanam</strong></span> <span class='ocrx_word' id='word_1_176' title='bbox 684 1810 782 1852; x_wconf 91' lang='lat' dir='ltr'><strong>arcem</strong></span> <span class='ocrx_word' id='word_1_177' title='bbox 797 1791 969 1862; x_wconf 86' lang='lat' dir='ltr'><strong>liberarent3</strong></span> <span class='ocrx_word' id='word_1_178' title='bbox 993 1800 1022 1852; x_wconf 91' lang='lat' dir='ltr'><strong>et</strong></span> <span class='ocrx_word' id='word_1_179' title='bbox 1036 1792 1086 1869; x_wconf 91' lang='lat' dir='ltr'><strong>qni</strong></span> <span class='ocrx_word' id='word_1_180' title='bbox 1100 1800 1166 1853; x_wconf 91' lang='lat' dir='ltr'><strong>ante</strong></span> 
     </span>
     <span class='ocr_line' id='line_1_21' title="bbox 97 1876 1167 1958; baseline -0.001 -19"><span class='ocrx_word' id='word_1_181' title='bbox 97 1880 219 1941; x_wconf 87' lang='lat' dir='ltr'><strong>Latinos</strong></span> <span class='ocrx_word' id='word_1_182' title='bbox 237 1897 277 1940; x_wconf 90' lang='lat' dir='ltr'><strong>ne</strong></span> <span class='ocrx_word' id='word_1_183' title='bbox 290 1895 344 1957; x_wconf 93' lang='lat' dir='ltr'><strong>pro</strong></span> <span class='ocrx_word' id='word_1_184' title='bbox 361 1898 392 1940; x_wconf 90' lang='lat' dir='ltr'><strong>se</strong></span> <span class='ocrx_word' id='word_1_185' title='bbox 407 1879 525 1958; x_wconf 89' lang='lat' dir='ltr'><strong>quidem</strong></span> <span class='ocrx_word' id='word_1_186' title='bbox 540 1879 623 1957; x_wconf 76' lang='lat' dir='ltr'><strong>ipsiS,</strong></span> <span class='ocrx_word' id='word_1_187' title='bbox 641 1897 710 1938; x_wconf 92' lang='lat' dir='ltr'><strong>cum</strong></span> <span class='ocrx_word' id='word_1_188' title='bbox 724 1878 755 1938; x_wconf 94' lang='lat' dir='ltr'><strong>in</strong></span> <span class='ocrx_word' id='word_1_189' title='bbox 771 1876 880 1937; x_wconf 86' lang='lat' dir='ltr'><strong>finibus</strong></span> <span class='ocrx_word' id='word_1_190' title='bbox 891 1877 1005 1938; x_wconf 86' lang='lat' dir='ltr'><strong>hostem</strong></span> <span class='ocrx_word' id='word_1_191' title='bbox 1019 1877 1167 1949; x_wconf 82' lang='lat' dir='ltr'><strong>haherent,</strong></span> 
     </span>
     <span class='ocr_line' id='line_1_22' title="bbox 96 1963 1167 2044; baseline -0.001 -19"><span class='ocrx_word' id='word_1_192' title='bbox 96 1967 240 2044; x_wconf 85' lang='lat' dir='ltr'><strong>attingere</strong></span> <span class='ocrx_word' id='word_1_193' title='bbox 263 1983 343 2026; x_wconf 89' lang='lat' dir='ltr'><strong>arma</strong></span> <span class='ocrx_word' id='word_1_194' title='bbox 366 1965 444 2044; x_wconf 85' lang='lat' dir='ltr'><strong>passi</strong></span> <span class='ocrx_word' id='word_1_195' title='bbox 467 1983 580 2037; x_wconf 91' lang='lat' dir='ltr'><strong>snmus,</strong></span> <span class='ocrx_word' id='word_1_196' title='bbox 602 1982 691 2041; x_wconf 89' lang='lat' dir='ltr'><strong>nunc,</strong></span> <span class='ocrx_word' id='word_1_197' title='bbox 715 1964 772 2024; x_wconf 89' lang='lat' dir='ltr'><strong>nisi</strong></span> <span class='ocrx_word' id='word_1_198' title='bbox 786 1963 881 2023; x_wconf 91' lang='lat' dir='ltr'><strong>Latini</strong></span> <span class='ocrx_word' id='word_1_199' title='bbox 898 1981 950 2022; x_wconf 90' lang='lat' dir='ltr'><strong>sua</strong></span> <span class='ocrx_word' id='word_1_200' title='bbox 967 1970 1071 2042; x_wconf 88' lang='lat' dir='ltr'><strong>sponte</strong></span> <span class='ocrx_word' id='word_1_201' title='bbox 1086 1981 1167 2024; x_wconf 83' lang='lat' dir='ltr'><strong>arma</strong></span> 
     </span>
     <span class='ocr_line' id='line_1_23' title="bbox 96 2048 1196 2131; baseline 0.002 -20"><span class='ocrx_word' id='word_1_202' title='bbox 96 2051 309 2130; x_wconf 87' lang='lat' dir='ltr'><strong>sumpsissent,</strong></span> <span class='ocrx_word' id='word_1_203' title='bbox 332 2051 407 2131; x_wconf 86' lang='lat' dir='ltr'><strong>capti</strong></span> <span class='ocrx_word' id='word_1_204' title='bbox 428 2058 456 2110; x_wconf 89' lang='lat' dir='ltr'><strong>et</strong></span> <span class='ocrx_word' id='word_1_205' title='bbox 476 2049 561 2110; x_wconf 90' lang='lat' dir='ltr'><strong>deleti</strong></span> <span class='ocrx_word' id='word_1_206' title='bbox 581 2068 708 2110; x_wconf 89' lang='lat' dir='ltr'><strong>eramus.</strong></span> <span class='ocrx_word' id='word_1_207' title='bbox 739 2050 796 2110; x_wconf 84' lang='lat' dir='ltr'><strong>boc</strong></span> <span class='ocrx_word' id='word_1_208' title='bbox 812 2058 864 2127; x_wconf 91' lang='lat' dir='ltr'><strong>est,</strong></span> <span class='ocrx_word' id='word_1_209' title='bbox 886 2048 1006 2121; x_wconf 88' lang='lat' dir='ltr'><strong>tribuni,</strong></span> <span class='ocrx_word' id='word_1_210' title='bbox 1028 2049 1196 2113; x_wconf 79' lang='lat' dir='ltr'><strong>auxiliumtt</strong></span> 
     </span>
    </p>
   </div>
   <div class='ocr_carea' id='block_1_4' title="bbox 97 2131 1169 2216">
    <p class='ocr_par' dir='ltr' id='par_1_4' title="bbox 97 2131 1169 2216">
     <span class='ocr_line' id='line_1_24' title="bbox 97 2131 1169 2216; baseline -0.003 -20"><span class='ocrx_word' id='word_1_211' title='bbox 97 2136 176 2216; x_wconf 86' lang='lat' dir='ltr'><strong>plebi</strong></span> <span class='ocrx_word' id='word_1_212' title='bbox 189 2133 278 2212; x_wconf 73' lang='lat' dir='ltr'><strong>serto,</strong></span> <span class='ocrx_word' id='word_1_213' title='bbox 295 2135 438 2196; x_wconf 85' lang='lat' dir='ltr'><strong>inermem</strong></span> <span class='ocrx_word' id='word_1_214' title='bbox 456 2153 518 2196; x_wconf 89' lang='lat' dir='ltr'><strong>eam</strong></span> <span class='ocrx_word' id='word_1_215' title='bbox 535 2135 612 2196; x_wconf 90' lang='lat' dir='ltr'><strong>hosti</strong></span> <span class='ocrx_word' id='word_1_216' title='bbox 627 2135 830 2197; x_wconf 85' lang='lat' dir='ltr'><strong>trucidandam</strong></span> <span class='ocrx_word' id='word_1_217' title='bbox 846 2131 986 2195; x_wconf 71' lang='lat' dir='ltr'><strong>obicere?</strong></span> <span class='ocrx_word' id='word_1_218' title='bbox 1009 2134 1125 2210; x_wconf 90' lang='lat' dir='ltr'><strong>scilicet,</strong></span> <span class='ocrx_word' id='word_1_219' title='bbox 1144 2134 1169 2194; x_wconf 90' lang='lat' dir='ltr'><strong>si</strong></span> 
     </span>
    </p>
   </div>
   <div class='ocr_carea' id='block_1_5' title="bbox 96 2285 1255 3934">
    <p class='ocr_par' dir='ltr' id='par_1_5' title="bbox 96 2285 1168 2422">
     <span class='ocr_line' id='line_1_25' title="bbox 96 2285 1168 2353; baseline -0.007 -12"><span class='ocrx_word' id='word_1_220' title='bbox 96 2291 199 2353; x_wconf 64' lang='lat' dir='ltr'><strong>linqua,</strong></span> <span class='ocrx_word' id='word_1_221' title='bbox 222 2286 246 2336; x_wconf 87' lang='lat' dir='ltr'><strong>in</strong></span> <span class='ocrx_word' id='word_1_222' title='bbox 273 2287 415 2338; x_wconf 86' lang='lat' dir='ltr'><strong>abstracter</strong></span> <span class='ocrx_word' id='word_1_223' title='bbox 432 2288 589 2350; x_wconf 82' lang='lat' dir='ltr'><strong>Badeutnng:</strong></span> <span class='ocrx_word' id='word_1_224' title='bbox 622 2286 829 2350; x_wconf 76' lang='lat' dir='ltr'><strong>Redefertiglreit,</strong></span> <span class='ocrx_word' id='word_1_225' title='bbox 847 2287 910 2336; x_wconf 86' lang='lat' dir='ltr'><strong>wird</strong></span> <span class='ocrx_word' id='word_1_226' title='bbox 932 2300 980 2335; x_wconf 89' lang='lat' dir='ltr'><strong>von</strong></span> <span class='ocrx_word' id='word_1_227' title='bbox 1000 2286 1028 2335; x_wconf 89' lang='lat' dir='ltr'><strong>L.</strong></span> <span class='ocrx_word' id='word_1_228' title='bbox 1047 2286 1111 2334; x_wconf 87' lang='lat' dir='ltr'><strong>auch</strong></span> <span class='ocrx_word' id='word_1_229' title='bbox 1128 2285 1168 2334; x_wconf 86' lang='lat' dir='ltr'><strong>bei</strong></span> 
     </span>
     <span class='ocr_line' id='line_1_26' title="bbox 96 2355 1030 2422; baseline -0.006 -14"><span class='ocrx_word' id='word_1_230' title='bbox 96 2357 235 2408; x_wconf 85' lang='lat' dir='ltr'><strong>Mehreren</strong></span> <span class='ocrx_word' id='word_1_231' title='bbox 253 2355 412 2422; x_wconf 80' lang='lat' dir='ltr'><strong>gewdhnlich</strong></span> <span class='ocrx_word' id='word_1_232' title='bbox 429 2356 462 2406; x_wconf 86' lang='lat' dir='ltr'><strong>im</strong></span> <span class='ocrx_word' id='word_1_233' title='bbox 480 2355 599 2420; x_wconf 80' lang='lat' dir='ltr'><strong>singular</strong></span> <span class='ocrx_word' id='word_1_234' title='bbox 616 2355 762 2418; x_wconf 77' lang='lat' dir='ltr'><strong>gebraucht.</strong></span> <span class='ocrx_word' id='word_1_235' title='bbox 782 2372 801 2404; x_wconf 91' lang='lat' dir='ltr'><strong>s.</strong></span> <span class='ocrx_word' id='word_1_236' title='bbox 821 2357 846 2407; x_wconf 86' lang='grc'>6.</span> <span class='ocrx_word' id='word_1_237' title='bbox 867 2357 906 2415; x_wconf 87' lang='grc'><strong>16,</strong></span> <span class='ocrx_word' id='word_1_238' title='bbox 926 2355 941 2406; x_wconf 90' lang='grc'>8</span> <span class='ocrx_word' id='word_1_239' title='bbox 961 2370 986 2406; x_wconf 91' lang='lat' dir='ltr'><strong>u.</strong></span> <span class='ocrx_word' id='word_1_240' title='bbox 1007 2369 1030 2403; x_wconf 86' lang='grc'><strong>5.</strong></span> 
     </span>
    </p>

    <p class='ocr_par' dir='ltr' id='par_1_6' title="bbox 97 2423 1210 3040">
     <span class='ocr_line' id='line_1_27' title="bbox 174 2423 1210 2489; baseline -0.009 -12"><span class='ocrx_word' id='word_1_241' title='bbox 174 2427 247 2477; x_wconf 83' lang='grc'>5-6.</span> <span class='ocrx_word' id='word_1_242' title='bbox 273 2431 366 2477; x_wconf 74' lang='lat' dir='ltr'><strong>semina</strong></span> <span class='ocrx_word' id='word_1_243' title='bbox 382 2447 417 2467; x_wconf 88' lang='lat'>=</span> <span class='ocrx_word' id='word_1_244' title='bbox 433 2436 522 2476; x_wconf 71' lang='grc'>5555555</span> <span class='ocrx_word' id='word_1_245' title='bbox 539 2424 589 2474; x_wconf 81' lang='lat' dir='ltr'><strong>wia</strong></span> <span class='ocrx_word' id='word_1_246' title='bbox 604 2427 629 2489; x_wconf 89' lang='lat'><strong>4,</strong></span> <span class='ocrx_word' id='word_1_247' title='bbox 649 2427 690 2487; x_wconf 85' lang='grc'><strong>26,</strong></span> <span class='ocrx_word' id='word_1_248' title='bbox 710 2427 739 2476; x_wconf 88' lang='lat'><strong>3:</strong></span> <span class='ocrx_word' id='word_1_249' title='bbox 757 2426 856 2482; x_wconf 57' lang='lat' dir='ltr'><strong>militm</strong></span> <span class='ocrx_word' id='word_1_250' title='bbox 878 2425 901 2483; x_wconf 91' lang='grc'><strong>1,</strong></span> <span class='ocrx_word' id='word_1_251' title='bbox 922 2423 1007 2485; x_wconf 81' lang='lat'><strong>13,1=</strong></span> <span class='ocrx_word' id='word_1_252' title='bbox 1026 2425 1076 2471; x_wconf 71' lang='lat' dir='ltr'><strong>iras</strong></span> <span class='ocrx_word' id='word_1_253' title='bbox 1093 2437 1117 2470; x_wconf 87' lang='grc'><strong>5.</strong></span> <span class='ocrx_word' id='word_1_254' title='bbox 1131 2435 1169 2484; x_wconf 82' lang='grc'><strong>5.;</strong></span> <span class='ocrx_word' id='word_1_255' title='bbox 1206 2477 1210 2484; x_wconf 39' lang='grc'>,</span> 
     </span>
     <span class='ocr_line' id='line_1_28' title="bbox 100 2492 1170 2558; baseline -0.007 -12"><span class='ocrx_word' id='word_1_256' title='bbox 100 2493 238 2554; x_wconf 69' lang='grc'>’5155115155</span> <span class='ocrx_word' id='word_1_257' title='bbox 257 2498 271 2546; x_wconf 85' lang='grc'><strong>5</strong></span> <span class='ocrx_word' id='word_1_258' title='bbox 290 2498 379 2546; x_wconf 74' lang='lat' dir='ltr'><strong>decoro.</strong></span> <span class='ocrx_word' id='word_1_259' title='bbox 398 2521 432 2532; x_wconf 85' lang='lat'><em>-</em></span> <span class='ocrx_word' id='word_1_260' title='bbox 447 2499 543 2558; x_wconf 64' lang='lat' dir='ltr'><strong>maim.</strong></span> <span class='ocrx_word' id='word_1_261' title='bbox 563 2503 609 2544; x_wconf 84' lang='lat' dir='ltr'><strong>art.</strong></span> <span class='ocrx_word' id='word_1_262' title='bbox 629 2493 663 2543; x_wconf 89' lang='lat' dir='ltr'><strong>ist</strong></span> <span class='ocrx_word' id='word_1_263' title='bbox 683 2493 733 2544; x_wconf 87' lang='lat' dir='ltr'><strong>abl.</strong></span> <span class='ocrx_word' id='word_1_264' title='bbox 754 2492 840 2541; x_wconf 67' lang='lat' dir='ltr'><strong>iustu:</strong></span> <span class='ocrx_word' id='word_1_265' title='bbox 872 2493 917 2554; x_wconf 79' lang='lat' dir='ltr'><strong>qui</strong></span> <span class='ocrx_word' id='word_1_266' title='bbox 936 2505 1001 2553; x_wconf 76' lang='lat' dir='ltr'><strong>pera.</strong></span> <span class='ocrx_word' id='word_1_267' title='bbox 1018 2499 1066 2539; x_wconf 83' lang='lat' dir='ltr'><strong>ort.</strong></span> <span class='ocrx_word' id='word_1_268' title='bbox 1084 2493 1170 2539; x_wconf 70' lang='lat' dir='ltr'><strong>iterum</strong></span> 
     </span>
     <span class='ocr_line' id='line_1_29' title="bbox 97 2556 1170 2627; baseline -0.007 -13"><span class='ocrx_word' id='word_1_269' title='bbox 97 2582 127 2614; x_wconf 80' lang='lat' dir='ltr'><strong>ae</strong></span> <span class='ocrx_word' id='word_1_270' title='bbox 145 2575 162 2615; x_wconf 80' lang='lat' dir='ltr'><strong>t.</strong></span> <span class='ocrx_word' id='word_1_271' title='bbox 180 2565 277 2614; x_wconf 71' lang='lat' dir='ltr'><strong>tribuni</strong></span> <span class='ocrx_word' id='word_1_272' title='bbox 293 2566 377 2626; x_wconf 64' lang='lat' dir='ltr'><strong>efacta]</strong></span> <span class='ocrx_word' id='word_1_273' title='bbox 394 2572 476 2615; x_wconf 71' lang='grc'>555555.</span> <span class='ocrx_word' id='word_1_274' title='bbox 489 2591 523 2598; x_wconf 97' lang='grc'>-</span> <span class='ocrx_word' id='word_1_275' title='bbox 538 2567 603 2627; x_wconf 73' lang='lat' dir='ltr'><strong>reqia</strong></span> <span class='ocrx_word' id='word_1_276' title='bbox 621 2567 666 2626; x_wconf 74' lang='lat' dir='ltr'><strong>lic,</strong></span> <span class='ocrx_word' id='word_1_277' title='bbox 685 2565 710 2623; x_wconf 85' lang='lat'><strong>2,</strong></span> <span class='ocrx_word' id='word_1_278' title='bbox 729 2564 754 2623; x_wconf 86' lang='lat'><strong>3,</strong></span> <span class='ocrx_word' id='word_1_279' title='bbox 772 2563 796 2612; x_wconf 88' lang='lat'><strong>3.</strong></span> <span class='ocrx_word' id='word_1_280' title='bbox 808 2586 842 2596; x_wconf 86' lang='lat'><em>-</em></span> <span class='ocrx_word' id='word_1_281' title='bbox 855 2561 944 2624; x_wconf 77' lang='lat' dir='ltr'><strong>inquit,</strong></span> <span class='ocrx_word' id='word_1_282' title='bbox 965 2557 1006 2608; x_wconf 87' lang='lat' dir='ltr'><strong>die</strong></span> <span class='ocrx_word' id='word_1_283' title='bbox 1023 2556 1170 2608; x_wconf 82' lang='lat' dir='ltr'><strong>Zwischcn-</strong></span> 
     </span>
     <span class='ocr_line' id='line_1_30' title="bbox 100 2627 1168 2696; baseline -0.002 -14"><span class='ocrx_word' id='word_1_284' title='bbox 100 2633 212 2695; x_wconf 75' lang='lat' dir='ltr'><strong>stallung</strong></span> <span class='ocrx_word' id='word_1_285' title='bbox 232 2631 325 2694; x_wconf 85' lang='grc'>5152,</span> <span class='ocrx_word' id='word_1_286' title='bbox 346 2636 385 2696; x_wconf 85' lang='lat'><strong>12,</strong></span> <span class='ocrx_word' id='word_1_287' title='bbox 404 2635 433 2692; x_wconf 78' lang='lat'><strong>93</strong></span> <span class='ocrx_word' id='word_1_288' title='bbox 451 2632 484 2682; x_wconf 89' lang='lat' dir='ltr'><strong>ib.</strong></span> <span class='ocrx_word' id='word_1_289' title='bbox 504 2635 544 2694; x_wconf 82' lang='lat'><strong>55,</strong></span> <span class='ocrx_word' id='word_1_290' title='bbox 569 2636 591 2683; x_wconf 87' lang='grc'><strong>5.</strong></span> <span class='ocrx_word' id='word_1_291' title='bbox 612 2657 646 2666; x_wconf 93' lang='lat'><em>-</em></span> <span class='ocrx_word' id='word_1_292' title='bbox 665 2635 710 2694; x_wconf 79' lang='lat' dir='ltr'><strong>qua·</strong></span> <span class='ocrx_word' id='word_1_293' title='bbox 725 2653 760 2672; x_wconf 80' lang='lat'>=</span> <span class='ocrx_word' id='word_1_294' title='bbox 776 2633 801 2680; x_wconf 80' lang='lat' dir='ltr'><strong>ai</strong></span> <span class='ocrx_word' id='word_1_295' title='bbox 818 2633 880 2693; x_wconf 73' lang='lat' dir='ltr'><strong>quia,</strong></span> <span class='ocrx_word' id='word_1_296' title='bbox 903 2630 927 2691; x_wconf 90' lang='grc'><strong>6,</strong></span> <span class='ocrx_word' id='word_1_297' title='bbox 951 2630 990 2690; x_wconf 91' lang='grc'><strong>11,</strong></span> <span class='ocrx_word' id='word_1_298' title='bbox 1009 2630 1039 2691; x_wconf 70' lang='grc'><strong>4,</strong></span> <span class='ocrx_word' id='word_1_299' title='bbox 1057 2627 1108 2692; x_wconf 72' lang='lat' dir='ltr'><strong>vgl„</strong></span> <span class='ocrx_word' id='word_1_300' title='bbox 1127 2628 1168 2689; x_wconf 87' lang='grc'>39,</span> 
     </span>
     <span class='ocr_line' id='line_1_31' title="bbox 101 2697 1169 2768; baseline -0.007 -14"><span class='ocrx_word' id='word_1_301' title='bbox 101 2705 143 2768; x_wconf 90' lang='grc'><strong>22,</strong></span> <span class='ocrx_word' id='word_1_302' title='bbox 162 2704 191 2754; x_wconf 86' lang='lat'><strong>3:</strong></span> <span class='ocrx_word' id='word_1_303' title='bbox 210 2705 233 2752; x_wconf 78' lang='lat' dir='ltr'><strong>ai</strong></span> <span class='ocrx_word' id='word_1_304' title='bbox 248 2705 304 2765; x_wconf 81' lang='lat' dir='ltr'><strong>quia</strong></span> <span class='ocrx_word' id='word_1_305' title='bbox 320 2718 374 2752; x_wconf 78' lang='grc'>5555</span> <span class='ocrx_word' id='word_1_306' title='bbox 390 2706 508 2760; x_wconf 52' lang='lat' dir='ltr'><strong>aestimem</strong></span> <span class='ocrx_word' id='word_1_307' title='bbox 528 2698 565 2749; x_wconf 84' lang='lat' dir='ltr'><strong>ott</strong></span> <span class='ocrx_word' id='word_1_308' title='bbox 581 2700 645 2749; x_wconf 90' lang='lat' dir='ltr'><strong>wird</strong></span> <span class='ocrx_word' id='word_1_309' title='bbox 660 2701 704 2750; x_wconf 89' lang='lat' dir='ltr'><strong>der</strong></span> <span class='ocrx_word' id='word_1_310' title='bbox 719 2701 769 2750; x_wconf 85' lang='lat' dir='ltr'><strong>dat.</strong></span> <span class='ocrx_word' id='word_1_311' title='bbox 785 2698 874 2764; x_wconf 83' lang='lat' dir='ltr'><strong>partic.</strong></span> <span class='ocrx_word' id='word_1_312' title='bbox 890 2713 969 2763; x_wconf 85' lang='lat' dir='ltr'><strong>praes.</strong></span> <span class='ocrx_word' id='word_1_313' title='bbox 983 2712 1011 2746; x_wconf 89' lang='lat' dir='ltr'><strong>so</strong></span> <span class='ocrx_word' id='word_1_314' title='bbox 1024 2697 1169 2760; x_wconf 78' lang='lat' dir='ltr'><strong>gebraucht,</strong></span> 
     </span>
     <span class='ocr_line' id='line_1_32' title="bbox 102 2767 1169 2834; baseline -0.008 -10"><span class='ocrx_word' id='word_1_315' title='bbox 102 2773 144 2834; x_wconf 88' lang='grc'>34,</span> <span class='ocrx_word' id='word_1_316' title='bbox 165 2773 208 2832; x_wconf 86' lang='grc'><strong>27,</strong></span> <span class='ocrx_word' id='word_1_317' title='bbox 231 2772 261 2823; x_wconf 89' lang='lat'><strong>1:</strong></span> <span class='ocrx_word' id='word_1_318' title='bbox 279 2774 536 2830; x_wconf 54' lang='grc' dir='ltr'>τηε-5555555514,</span> <span class='ocrx_word' id='word_1_319' title='bbox 551 2771 592 2830; x_wconf 79' lang='grc'>31,</span> <span class='ocrx_word' id='word_1_320' title='bbox 615 2771 655 2830; x_wconf 90' lang='grc'><strong>58,</strong></span> <span class='ocrx_word' id='word_1_321' title='bbox 678 2770 693 2821; x_wconf 91' lang='lat'>8</span> <span class='ocrx_word' id='word_1_322' title='bbox 711 2786 736 2818; x_wconf 90' lang='lat' dir='ltr'><strong>u.</strong></span> <span class='ocrx_word' id='word_1_323' title='bbox 757 2783 779 2818; x_wconf 88' lang='lat' dir='ltr'><strong>a.</strong></span> <span class='ocrx_word' id='word_1_324' title='bbox 798 2795 832 2804; x_wconf 87' lang='lat'><em>-</em></span> <span class='ocrx_word' id='word_1_325' title='bbox 848 2771 871 2817; x_wconf 81' lang='lat' dir='ltr'><strong>ai</strong></span> <span class='ocrx_word' id='word_1_326' title='bbox 886 2769 949 2818; x_wconf 75' lang='lat' dir='ltr'><strong>nobil</strong></span> <span class='ocrx_word' id='word_1_327' title='bbox 965 2784 997 2829; x_wconf 79' lang='grc'><strong>5.,</strong></span> <span class='ocrx_word' id='word_1_328' title='bbox 1019 2768 1060 2826; x_wconf 86' lang='grc'>39,</span> <span class='ocrx_word' id='word_1_329' title='bbox 1080 2769 1121 2828; x_wconf 85' lang='grc'><strong>35,</strong></span> <span class='ocrx_word' id='word_1_330' title='bbox 1140 2767 1169 2818; x_wconf 83' lang='lat'><strong>8:</strong></span> 
     </span>
     <span class='ocr_line' id='line_1_33' title="bbox 102 2835 1171 2900; baseline -0.001 -10"><span class='ocrx_word' id='word_1_331' title='bbox 102 2845 127 2890; x_wconf 80' lang='lat' dir='ltr'><strong>ai</strong></span> <span class='ocrx_word' id='word_1_332' title='bbox 142 2843 208 2890; x_wconf 78' lang='lat' dir='ltr'><strong>nihil</strong></span> <span class='ocrx_word' id='word_1_333' title='bbox 228 2843 304 2900; x_wconf 78' lang='lat' dir='ltr'><strong>aliud,</strong></span> <span class='ocrx_word' id='word_1_334' title='bbox 325 2843 462 2891; x_wconf 73' lang='grc'>5515555555</span> <span class='ocrx_word' id='word_1_335' title='bbox 481 2847 541 2889; x_wconf 76' lang='lat' dir='ltr'><strong>certe</strong></span> <span class='ocrx_word' id='word_1_336' title='bbox 552 2839 654 2900; x_wconf 76' lang='lat' dir='ltr'><strong>ferram</strong></span> <span class='ocrx_word' id='word_1_337' title='bbox 671 2841 753 2888; x_wconf 74' lang='lat' dir='ltr'><strong>hostile</strong></span> <span class='ocrx_word' id='word_1_338' title='bbox 770 2839 904 2886; x_wconf 72' lang='grc'>1555155555</span> <span class='ocrx_word' id='word_1_339' title='bbox 909 2853 918 2896; x_wconf 89' lang='grc'><strong>,·</strong></span> <span class='ocrx_word' id='word_1_340' title='bbox 936 2835 987 2900; x_wconf 71' lang='lat' dir='ltr'><strong>vgl.</strong></span> <span class='ocrx_word' id='word_1_341' title='bbox 1002 2837 1026 2897; x_wconf 91' lang='grc'><strong>2,</strong></span> <span class='ocrx_word' id='word_1_342' title='bbox 1039 2839 1081 2898; x_wconf 88' lang='grc'><strong>49,</strong></span> <span class='ocrx_word' id='word_1_343' title='bbox 1097 2838 1121 2888; x_wconf 81' lang='grc'>9.</span> <span class='ocrx_word' id='word_1_344' title='bbox 1137 2861 1171 2870; x_wconf 85' lang='grc'><strong>-</strong></span> 
     </span>
     <span class='ocr_line' id='line_1_34' title="bbox 103 2904 1172 2973; baseline -0.007 -14"><span class='ocrx_word' id='word_1_345' title='bbox 103 2913 190 2960; x_wconf 66' lang='lat' dir='ltr'><strong>doum</strong></span> <span class='ocrx_word' id='word_1_346' title='bbox 205 2931 238 2952; x_wconf 87' lang='lat'><strong>=</strong></span> <span class='ocrx_word' id='word_1_347' title='bbox 257 2918 335 2958; x_wconf 76' lang='lat' dir='ltr'><strong>tamon</strong></span> <span class='ocrx_word' id='word_1_348' title='bbox 353 2925 386 2971; x_wconf 80' lang='lat' dir='ltr'><strong>eo,</strong></span> <span class='ocrx_word' id='word_1_349' title='bbox 407 2910 575 2973; x_wconf 66' lang='lat' dir='ltr'><strong>queritantem</strong></span> <span class='ocrx_word' id='word_1_350' title='bbox 595 2913 640 2958; x_wconf 88' lang='lat' dir='ltr'><strong>etc.</strong></span> <span class='ocrx_word' id='word_1_351' title='bbox 658 2934 691 2942; x_wconf 87' lang='lat'><strong>-</strong></span> <span class='ocrx_word' id='word_1_352' title='bbox 711 2909 771 2956; x_wconf 78' lang='lat' dir='ltr'><strong>bella</strong></span> <span class='ocrx_word' id='word_1_353' title='bbox 789 2905 858 2954; x_wconf 87' lang='lat' dir='ltr'><strong>steht</strong></span> <span class='ocrx_word' id='word_1_354' title='bbox 875 2904 931 2956; x_wconf 83' lang='lat' dir='ltr'><strong>hier</strong></span> <span class='ocrx_word' id='word_1_355' title='bbox 949 2904 1000 2954; x_wconf 89' lang='grc'><strong>551</strong></span> <span class='ocrx_word' id='word_1_356' title='bbox 1019 2920 1066 2954; x_wconf 87' lang='grc'><strong>555</strong></span> <span class='ocrx_word' id='word_1_357' title='bbox 1084 2917 1172 2968; x_wconf 80' lang='lat' dir='ltr'><strong>wagan</strong></span> 
     </span>
     <span class='ocr_line' id='line_1_35' title="bbox 104 2976 856 3040; baseline -0.008 -11"><span class='ocrx_word' id='word_1_358' title='bbox 104 2996 179 3040; x_wconf 79' lang='lat' dir='ltr'><strong>arma,</strong></span> <span class='ocrx_word' id='word_1_359' title='bbox 198 2977 264 3026; x_wconf 87' lang='lat' dir='ltr'><strong>doeh</strong></span> <span class='ocrx_word' id='word_1_360' title='bbox 282 2976 333 3040; x_wconf 75' lang='lat' dir='ltr'><strong>vgl.</strong></span> <span class='ocrx_word' id='word_1_361' title='bbox 351 2980 375 3038; x_wconf 88' lang='grc'><strong>4,</strong></span> <span class='ocrx_word' id='word_1_362' title='bbox 394 2980 417 3039; x_wconf 89' lang='grc'><strong>2,</strong></span> <span class='ocrx_word' id='word_1_363' title='bbox 442 2978 479 3028; x_wconf 91' lang='grc'>12.</span> <span class='ocrx_word' id='word_1_364' title='bbox 498 3005 531 3012; x_wconf 89' lang='grc'>-</span> <span class='ocrx_word' id='word_1_365' title='bbox 549 2979 674 3035; x_wconf 71' lang='grc'>5555155,</span> <span class='ocrx_word' id='word_1_366' title='bbox 693 2991 713 3026; x_wconf 87' lang='grc'><strong>5.</strong></span> <span class='ocrx_word' id='word_1_367' title='bbox 731 2991 753 3024; x_wconf 91' lang='lat' dir='ltr'><strong>c.</strong></span> <span class='ocrx_word' id='word_1_368' title='bbox 773 2977 811 3035; x_wconf 93' lang='grc'><strong>15,</strong></span> <span class='ocrx_word' id='word_1_369' title='bbox 832 2977 856 3025; x_wconf 93' lang='grc'><strong>5.</strong></span> 
     </span>
    </p>

    <p class='ocr_par' dir='ltr' id='par_1_7' title="bbox 103 3039 1255 3662">
     <span class='ocr_line' id='line_1_36' title="bbox 172 3039 1171 3108; baseline -0.008 -10"><span class='ocrx_word' id='word_1_370' title='bbox 172 3049 249 3099; x_wconf 78' lang='grc'>1-8.</span> <span class='ocrx_word' id='word_1_371' title='bbox 275 3055 297 3096; x_wconf 75' lang='lat' dir='ltr'><strong>ot</strong></span> <span class='ocrx_word' id='word_1_372' title='bbox 315 3061 361 3096; x_wconf 88' lang='lat' dir='ltr'><strong>vor</strong></span> <span class='ocrx_word' id='word_1_373' title='bbox 382 3046 436 3096; x_wconf 84' lang='lat' dir='ltr'><strong>darn</strong></span> <span class='ocrx_word' id='word_1_374' title='bbox 454 3045 583 3094; x_wconf 80' lang='lat' dir='ltr'><strong>Ausdruelr</strong></span> <span class='ocrx_word' id='word_1_375' title='bbox 601 3045 644 3095; x_wconf 87' lang='lat' dir='ltr'><strong>des</strong></span> <span class='ocrx_word' id='word_1_376' title='bbox 665 3042 810 3105; x_wconf 85' lang='lat' dir='ltr'><strong>Uuwillens,</strong></span> <span class='ocrx_word' id='word_1_377' title='bbox 830 3039 911 3108; x_wconf 76' lang='lat'><strong>§103</strong></span> <span class='ocrx_word' id='word_1_378' title='bbox 931 3045 955 3104; x_wconf 94' lang='grc'><strong>2,</strong></span> <span class='ocrx_word' id='word_1_379' title='bbox 976 3043 1016 3103; x_wconf 87' lang='grc'>38,</span> <span class='ocrx_word' id='word_1_380' title='bbox 1038 3045 1061 3094; x_wconf 88' lang='grc'><strong>5.</strong></span> <span class='ocrx_word' id='word_1_381' title='bbox 1079 3070 1112 3078; x_wconf 86' lang='lat'>-</span> <span class='ocrx_word' id='word_1_382' title='bbox 1130 3044 1171 3092; x_wconf 80' lang='lat' dir='ltr'><strong>boe</strong></span> 
     </span>
     <span class='ocr_line' id='line_1_37' title="bbox 105 3110 1171 3176; baseline -0.007 -12"><span class='ocrx_word' id='word_1_383' title='bbox 105 3116 189 3176; x_wconf 69' lang='grc'>555155,</span> <span class='ocrx_word' id='word_1_384' title='bbox 212 3112 518 3170; x_wconf 72' lang='grc'>55511555955511515555</span> <span class='ocrx_word' id='word_1_385' title='bbox 539 3114 584 3163; x_wconf 89' lang='lat' dir='ltr'><strong>hat</strong></span> <span class='ocrx_word' id='word_1_386' title='bbox 604 3111 630 3162; x_wconf 80' lang='lat' dir='ltr'>L</span> <span class='ocrx_word' id='word_1_387' title='bbox 647 3113 711 3162; x_wconf 87' lang='lat' dir='ltr'><strong>anch</strong></span> <span class='ocrx_word' id='word_1_388' title='bbox 730 3117 801 3162; x_wconf 85' lang='lat' dir='ltr'><strong>sonst</strong></span> <span class='ocrx_word' id='word_1_389' title='bbox 823 3110 893 3160; x_wconf 88' lang='lat' dir='ltr'><strong>nicht</strong></span> <span class='ocrx_word' id='word_1_390' title='bbox 918 3110 1003 3161; x_wconf 77' lang='lat' dir='ltr'><strong>immor</strong></span> <span class='ocrx_word' id='word_1_391' title='bbox 1021 3110 1171 3171; x_wconf 81' lang='lat' dir='ltr'><strong>vermieden,</strong></span> 
     </span>
     <span class='ocr_line' id='line_1_38' title="bbox 107 3179 1173 3248; baseline -0.01 -12"><span class='ocrx_word' id='word_1_392' title='bbox 107 3187 130 3245; x_wconf 88' lang='grc'><strong>2,</strong></span> <span class='ocrx_word' id='word_1_393' title='bbox 151 3185 190 3248; x_wconf 80' lang='grc'><strong>17,</strong></span> <span class='ocrx_word' id='word_1_394' title='bbox 209 3187 239 3236; x_wconf 80' lang='lat'><strong>4:</strong></span> <span class='ocrx_word' id='word_1_395' title='bbox 257 3199 284 3233; x_wconf 77' lang='lat' dir='ltr'><strong>ro</strong></span> <span class='ocrx_word' id='word_1_396' title='bbox 302 3186 421 3244; x_wconf 65' lang='lat' dir='ltr'><strong>reddum</strong></span> <span class='ocrx_word' id='word_1_397' title='bbox 439 3185 463 3244; x_wconf 90' lang='grc'><strong>4,</strong></span> <span class='ocrx_word' id='word_1_398' title='bbox 483 3185 506 3244; x_wconf 78' lang='lat'><strong>7,</strong></span> <span class='ocrx_word' id='word_1_399' title='bbox 529 3184 557 3233; x_wconf 83' lang='lat'><strong>3:</strong></span> <span class='ocrx_word' id='word_1_400' title='bbox 577 3185 731 3246; x_wconf 63' lang='lat' dir='ltr'><strong>maaiatratua</strong></span> <span class='ocrx_word' id='word_1_401' title='bbox 745 3185 861 3242; x_wconf 70' lang='grc'>5155555,</span> <span class='ocrx_word' id='word_1_402' title='bbox 883 3183 907 3242; x_wconf 90' lang='grc'><strong>6,</strong></span> <span class='ocrx_word' id='word_1_403' title='bbox 925 3182 1009 3243; x_wconf 74' lang='grc'>19,1;</span> <span class='ocrx_word' id='word_1_404' title='bbox 1029 3179 1173 3230; x_wconf 70' lang='grc'>535515551-</span> 
     </span>
     <span class='ocr_line' id='line_1_39' title="bbox 103 3246 1172 3318; baseline -0.009 -14"><span class='ocrx_word' id='word_1_405' title='bbox 103 3255 191 3312; x_wconf 64' lang='grc' dir='ltr'>5115ιί55</span> <span class='ocrx_word' id='word_1_406' title='bbox 210 3254 253 3315; x_wconf 84' lang='grc'>23,</span> <span class='ocrx_word' id='word_1_407' title='bbox 273 3253 298 3318; x_wconf 90' lang='grc'><strong>9,</strong></span> <span class='ocrx_word' id='word_1_408' title='bbox 318 3254 339 3303; x_wconf 92' lang='grc'>1.</span> <span class='ocrx_word' id='word_1_409' title='bbox 360 3277 392 3288; x_wconf 87' lang='lat'><strong>·-</strong></span> <span class='ocrx_word' id='word_1_410' title='bbox 411 3255 488 3314; x_wconf 78' lang='lat' dir='ltr'><strong>pudet</strong></span> <span class='ocrx_word' id='word_1_411' title='bbox 505 3254 529 3300; x_wconf 86' lang='lat' dir='ltr'><strong>d.</strong></span> <span class='ocrx_word' id='word_1_412' title='bbox 548 3253 581 3312; x_wconf 78' lang='grc'><strong>5.,</strong></span> <span class='ocrx_word' id='word_1_413' title='bbox 602 3249 693 3300; x_wconf 75' lang='lat' dir='ltr'><strong>notter</strong></span> <span class='ocrx_word' id='word_1_414' title='bbox 711 3250 760 3299; x_wconf 91' lang='lat' dir='ltr'><strong>nnd</strong></span> <span class='ocrx_word' id='word_1_415' title='bbox 778 3248 910 3300; x_wconf 82' lang='lat' dir='ltr'><strong>Menschcn</strong></span> <span class='ocrx_word' id='word_1_416' title='bbox 930 3247 985 3313; x_wconf 85' lang='lat' dir='ltr'><strong>(dor</strong></span> <span class='ocrx_word' id='word_1_417' title='bbox 1004 3246 1122 3298; x_wconf 81' lang='lat' dir='ltr'><strong>Gadanko</strong></span> <span class='ocrx_word' id='word_1_418' title='bbox 1140 3260 1172 3294; x_wconf 97' lang='grc'><strong>55</strong></span> 
     </span>
     <span class='ocr_line' id='line_1_40' title="bbox 107 3312 1173 3385; baseline -0.008 -13"><span class='ocrx_word' id='word_1_419' title='bbox 107 3320 135 3372; x_wconf 87' lang='lat' dir='ltr'><strong>G.</strong></span> <span class='ocrx_word' id='word_1_420' title='bbox 153 3337 176 3371; x_wconf 91' lang='grc'><strong>5.</strong></span> <span class='ocrx_word' id='word_1_421' title='bbox 195 3320 241 3380; x_wconf 77' lang='grc' dir='ltr'>Μ.)</span> <span class='ocrx_word' id='word_1_422' title='bbox 259 3334 365 3385; x_wconf 62' lang='grc'>5555555</span> <span class='ocrx_word' id='word_1_423' title='bbox 383 3319 480 3380; x_wconf 88' lang='lat' dir='ltr'><strong>Soham,</strong></span> <span class='ocrx_word' id='word_1_424' title='bbox 501 3319 540 3369; x_wconf 91' lang='lat' dir='ltr'><strong>ich</strong></span> <span class='ocrx_word' id='word_1_425' title='bbox 558 3318 657 3369; x_wconf 85' lang='lat' dir='ltr'><strong>schiime</strong></span> <span class='ocrx_word' id='word_1_426' title='bbox 675 3319 741 3369; x_wconf 85' lang='lat' dir='ltr'><strong>mich</strong></span> <span class='ocrx_word' id='word_1_427' title='bbox 760 3333 814 3381; x_wconf 86' lang='lat' dir='ltr'><strong>vor,</strong></span> <span class='ocrx_word' id='word_1_428' title='bbox 833 3320 874 3380; x_wconf 88' lang='grc'><strong>22,</strong></span> <span class='ocrx_word' id='word_1_429' title='bbox 894 3321 934 3379; x_wconf 91' lang='grc'><strong>14,</strong></span> <span class='ocrx_word' id='word_1_430' title='bbox 954 3319 1025 3370; x_wconf 90' lang='grc'>4.-</span> <span class='ocrx_word' id='word_1_431' title='bbox 1044 3319 1109 3376; x_wconf 74' lang='lat' dir='ltr'><strong>oolla,</strong></span> <span class='ocrx_word' id='word_1_432' title='bbox 1128 3312 1173 3361; x_wconf 80' lang='lat' dir='ltr'><strong>der</strong></span> 
     </span>
     <span class='ocr_line' id='line_1_41' title="bbox 106 3380 1173 3454; baseline -0.009 -15"><span class='ocrx_word' id='word_1_433' title='bbox 106 3389 249 3454; x_wconf 71' lang='lat' dir='ltr'><strong>vicrockige</strong></span> <span class='ocrx_word' id='word_1_434' title='bbox 275 3387 352 3438; x_wconf 78' lang='lat' dir='ltr'><strong>haurn</strong></span> <span class='ocrx_word' id='word_1_435' title='bbox 378 3389 410 3438; x_wconf 83' lang='lat' dir='ltr'><strong>ini</strong></span> <span class='ocrx_word' id='word_1_436' title='bbox 433 3387 537 3439; x_wconf 88' lang='grc'>1555555</span> <span class='ocrx_word' id='word_1_437' title='bbox 561 3388 604 3438; x_wconf 86' lang='lat' dir='ltr'><strong>des</strong></span> <span class='ocrx_word' id='word_1_438' title='bbox 621 3387 747 3454; x_wconf 83' lang='lat' dir='ltr'><strong>Tempals,</strong></span> <span class='ocrx_word' id='word_1_439' title='bbox 770 3387 796 3436; x_wconf 87' lang='lat' dir='ltr'><strong>in</strong></span> <span class='ocrx_word' id='word_1_440' title='bbox 820 3386 940 3437; x_wconf 84' lang='lat' dir='ltr'><strong>walchem</strong></span> <span class='ocrx_word' id='word_1_441' title='bbox 964 3383 1004 3434; x_wconf 87' lang='lat' dir='ltr'><strong>dic</strong></span> <span class='ocrx_word' id='word_1_442' title='bbox 1023 3383 1111 3434; x_wconf 84' lang='lat' dir='ltr'><strong>Statue</strong></span> <span class='ocrx_word' id='word_1_443' title='bbox 1129 3380 1173 3430; x_wconf 82' lang='lat' dir='ltr'><strong>dos</strong></span> 
     </span>
     <span class='ocr_line' id='line_1_42' title="bbox 107 3455 1255 3522; baseline -0.009 -13"><span class='ocrx_word' id='word_1_444' title='bbox 107 3457 196 3509; x_wconf 82' lang='lat' dir='ltr'><strong>Gottes</strong></span> <span class='ocrx_word' id='word_1_445' title='bbox 214 3460 291 3509; x_wconf 84' lang='lat' dir='ltr'><strong>steht.</strong></span> <span class='ocrx_word' id='word_1_446' title='bbox 305 3485 335 3494; x_wconf 93' lang='lat'><em>-</em></span> <span class='ocrx_word' id='word_1_447' title='bbox 355 3475 385 3509; x_wconf 78' lang='grc'><strong>55</strong></span> <span class='ocrx_word' id='word_1_448' title='bbox 398 3475 445 3520; x_wconf 80' lang='lat' dir='ltr'><strong>pro</strong></span> <span class='ocrx_word' id='word_1_449' title='bbox 462 3474 486 3508; x_wconf 78' lang='lat' dir='ltr'><em>u</em></span> <span class='ocrx_word' id='word_1_450' title='bbox 504 3463 559 3518; x_wconf 78' lang='lat' dir='ltr'><strong>etc,</strong></span> <span class='ocrx_word' id='word_1_451' title='bbox 580 3473 601 3510; x_wconf 92' lang='grc'><strong>5.</strong></span> <span class='ocrx_word' id='word_1_452' title='bbox 615 3459 639 3517; x_wconf 93' lang='grc'><strong>2,</strong></span> <span class='ocrx_word' id='word_1_453' title='bbox 659 3459 700 3522; x_wconf 89' lang='grc'><strong>39,</strong></span> <span class='ocrx_word' id='word_1_454' title='bbox 721 3459 749 3519; x_wconf 85' lang='grc'><strong>9;</strong></span> <span class='ocrx_word' id='word_1_455' title='bbox 772 3455 805 3506; x_wconf 85' lang='lat' dir='ltr'><strong>ib.</strong></span> <span class='ocrx_word' id='word_1_456' title='bbox 822 3457 863 3518; x_wconf 88' lang='grc'><strong>53,</strong></span> <span class='ocrx_word' id='word_1_457' title='bbox 883 3457 904 3507; x_wconf 90' lang='grc'><strong>5.</strong></span> <span class='ocrx_word' id='word_1_458' title='bbox 919 3480 954 3490; x_wconf 88' lang='lat'>-</span> <span class='ocrx_word' id='word_1_459' title='bbox 970 3455 1021 3502; x_wconf 69' lang='lat' dir='ltr'><strong>nbi</strong></span> <span class='ocrx_word' id='word_1_460' title='bbox 1032 3479 1057 3488; x_wconf 89' lang='lat'>-</span> <span class='ocrx_word' id='word_1_461' title='bbox 1069 3466 1172 3512; x_wconf 66' lang='lat' dir='ltr'><strong>mamus,</strong></span> <span class='ocrx_word' id='word_1_462' title='bbox 1252 3461 1255 3466; x_wconf 84' lang='lat'>·</span> 
     </span>
     <span class='ocr_line' id='line_1_43' title="bbox 107 3518 1174 3592; baseline -0.01 -14"><span class='ocrx_word' id='word_1_463' title='bbox 107 3528 245 3592; x_wconf 72' lang='lat' dir='ltr'><strong>abgesehen</strong></span> <span class='ocrx_word' id='word_1_464' title='bbox 265 3527 354 3589; x_wconf 82' lang='lat' dir='ltr'><strong>daven,</strong></span> <span class='ocrx_word' id='word_1_465' title='bbox 372 3541 445 3578; x_wconf 91' lang='grc'>5555</span> <span class='ocrx_word' id='word_1_466' title='bbox 463 3526 507 3576; x_wconf 87' lang='lat' dir='ltr'><strong>das</strong></span> <span class='ocrx_word' id='word_1_467' title='bbox 525 3525 595 3575; x_wconf 85' lang='lat' dir='ltr'><strong>nicht</strong></span> <span class='ocrx_word' id='word_1_468' title='bbox 612 3525 766 3589; x_wconf 82' lang='lat' dir='ltr'><strong>eiogetrcten</strong></span> <span class='ocrx_word' id='word_1_469' title='bbox 784 3524 862 3583; x_wconf 79' lang='grc'>51155,</span> <span class='ocrx_word' id='word_1_470' title='bbox 880 3535 908 3573; x_wconf 82' lang='grc'><strong>55</strong></span> <span class='ocrx_word' id='word_1_471' title='bbox 926 3535 1013 3570; x_wconf 88' lang='grc'>55555</span> <span class='ocrx_word' id='word_1_472' title='bbox 1030 3518 1080 3569; x_wconf 87' lang='lat' dir='ltr'><strong>wir</strong></span> <span class='ocrx_word' id='word_1_473' title='bbox 1095 3531 1174 3583; x_wconf 85' lang='lat' dir='ltr'><strong>usw.;</strong></span> 
     </span>
     <span class='ocr_line' id='line_1_44' title="bbox 106 3591 1070 3662; baseline -0.004 -16"><span class='ocrx_word' id='word_1_474' title='bbox 106 3597 151 3646; x_wconf 81' lang='lat' dir='ltr'><strong>dns</strong></span> <span class='ocrx_word' id='word_1_475' title='bbox 169 3593 365 3662; x_wconf 82' lang='lat' dir='ltr'><strong>Plusqnunrporl.</strong></span> <span class='ocrx_word' id='word_1_476' title='bbox 383 3594 431 3644; x_wconf 89' lang='lat' dir='ltr'><strong>wie</strong></span> <span class='ocrx_word' id='word_1_477' title='bbox 453 3595 492 3657; x_wconf 87' lang='grc'>34,</span> <span class='ocrx_word' id='word_1_478' title='bbox 512 3597 554 3659; x_wconf 90' lang='grc'><strong>29,</strong></span> <span class='ocrx_word' id='word_1_479' title='bbox 575 3597 619 3660; x_wconf 73' lang='lat'><strong>103</strong></span> <span class='ocrx_word' id='word_1_480' title='bbox 638 3595 679 3656; x_wconf 89' lang='grc'>38,</span> <span class='ocrx_word' id='word_1_481' title='bbox 699 3596 741 3657; x_wconf 91' lang='grc'><strong>49,</strong></span> <span class='ocrx_word' id='word_1_482' title='bbox 762 3595 802 3657; x_wconf 90' lang='grc'><strong>12,</strong></span> <span class='ocrx_word' id='word_1_483' title='bbox 821 3592 873 3657; x_wconf 72' lang='lat' dir='ltr'><strong>vgl.</strong></span> <span class='ocrx_word' id='word_1_484' title='bbox 892 3606 923 3640; x_wconf 86' lang='lat' dir='ltr'><strong>zu</strong></span> <span class='ocrx_word' id='word_1_485' title='bbox 944 3605 965 3640; x_wconf 90' lang='lat' dir='ltr'><strong>c.</strong></span> <span class='ocrx_word' id='word_1_486' title='bbox 986 3591 1028 3651; x_wconf 87' lang='grc'><strong>24,</strong></span> <span class='ocrx_word' id='word_1_487' title='bbox 1047 3591 1070 3642; x_wconf 91' lang='grc'>9.</span> 
     </span>
    </p>

    <p class='ocr_par' dir='ltr' id='par_1_8' title="bbox 106 3659 1176 3934">
     <span class='ocr_line' id='line_1_45' title="bbox 174 3659 1175 3726; baseline -0.01 -10"><span class='ocrx_word' id='word_1_488' title='bbox 174 3667 198 3717; x_wconf 92' lang='grc'>9.</span> <span class='ocrx_word' id='word_1_489' title='bbox 225 3668 269 3716; x_wconf 77' lang='lat' dir='ltr'><strong>boo</strong></span> <span class='ocrx_word' id='word_1_490' title='bbox 291 3664 326 3714; x_wconf 85' lang='lat' dir='ltr'><strong>ist</strong></span> <span class='ocrx_word' id='word_1_491' title='bbox 349 3662 451 3726; x_wconf 82' lang='lat' dir='ltr'><strong>subject</strong></span> <span class='ocrx_word' id='word_1_492' title='bbox 474 3664 525 3713; x_wconf 88' lang='lat' dir='ltr'><strong>und</strong></span> <span class='ocrx_word' id='word_1_493' title='bbox 553 3662 631 3712; x_wconf 88' lang='lat' dir='ltr'><strong>durch</strong></span> <span class='ocrx_word' id='word_1_494' title='bbox 656 3662 701 3714; x_wconf 80' lang='lat' dir='ltr'><strong>dos</strong></span> <span class='ocrx_word' id='word_1_495' title='bbox 719 3659 901 3725; x_wconf 75' lang='lat' dir='ltr'><strong>nachgestellta</strong></span> <span class='ocrx_word' id='word_1_496' title='bbox 919 3661 1175 3710; x_wconf 74' lang='lat' dir='ltr'><strong>inermem—obicere</strong></span> 
     </span>
     <span class='ocr_line' id='line_1_46' title="bbox 106 3727 1174 3796; baseline -0.008 -11"><span class='ocrx_word' id='word_1_497' title='bbox 106 3731 204 3786; x_wconf 72' lang='lat' dir='ltr'><strong>erkllrt</strong></span> <span class='ocrx_word' id='word_1_498' title='bbox 222 3757 256 3776; x_wconf 84' lang='lat'><strong>==</strong></span> <span class='ocrx_word' id='word_1_499' title='bbox 275 3728 538 3792; x_wconf 58' lang='lat' dir='ltr'><strong>inermem4obicere,</strong></span> <span class='ocrx_word' id='word_1_500' title='bbox 565 3735 593 3782; x_wconf 75' lang='lat' dir='ltr'><strong>td</strong></span> <span class='ocrx_word' id='word_1_501' title='bbox 608 3735 674 3796; x_wconf 80' lang='lat' dir='ltr'><strong>qnod</strong></span> <span class='ocrx_word' id='word_1_502' title='bbox 689 3748 729 3782; x_wconf 84' lang='grc'><strong>555</strong></span> <span class='ocrx_word' id='word_1_503' title='bbox 746 3733 825 3794; x_wconf 66' lang='lat' dir='ltr'><strong>andin,</strong></span> <span class='ocrx_word' id='word_1_504' title='bbox 845 3743 895 3778; x_wconf 78' lang='lat' dir='ltr'><strong>non</strong></span> <span class='ocrx_word' id='word_1_505' title='bbox 911 3737 946 3778; x_wconf 77' lang='lat' dir='ltr'><strong>eat</strong></span> <span class='ocrx_word' id='word_1_506' title='bbox 963 3729 1083 3778; x_wconf 69' lang='lat' dir='ltr'><strong>auxiliaco</strong></span> <span class='ocrx_word' id='word_1_507' title='bbox 1094 3727 1174 3792; x_wconf 74' lang='lat' dir='ltr'><strong>som,</strong></span> 
     </span>
     <span class='ocr_line' id='line_1_47' title="bbox 109 3797 1176 3868; baseline -0.009 -14"><span class='ocrx_word' id='word_1_508' title='bbox 109 3819 128 3854; x_wconf 89' lang='grc'><strong>5.</strong></span> <span class='ocrx_word' id='word_1_509' title='bbox 144 3817 165 3851; x_wconf 88' lang='grc'><strong>5.</strong></span> <span class='ocrx_word' id='word_1_510' title='bbox 186 3801 228 3865; x_wconf 87' lang='grc'><strong>21,</strong></span> <span class='ocrx_word' id='word_1_511' title='bbox 246 3806 277 3868; x_wconf 70' lang='grc'><strong>5,</strong></span> <span class='ocrx_word' id='word_1_512' title='bbox 296 3800 397 3852; x_wconf 70' lang='lat' dir='ltr'><strong>dholian</strong></span> <span class='ocrx_word' id='word_1_513' title='bbox 417 3798 467 3852; x_wconf 84' lang='lat' dir='ltr'><strong>Cic.</strong></span> <span class='ocrx_word' id='word_1_514' title='bbox 486 3799 550 3850; x_wconf 89' lang='lat' dir='ltr'><strong>Phil.</strong></span> <span class='ocrx_word' id='word_1_515' title='bbox 570 3803 595 3863; x_wconf 90' lang='grc'><strong>2,</strong></span> <span class='ocrx_word' id='word_1_516' title='bbox 617 3804 641 3861; x_wconf 89' lang='lat'><strong>4,</strong></span> <span class='ocrx_word' id='word_1_517' title='bbox 660 3803 689 3852; x_wconf 79' lang='lat' dir='ltr'><strong>t:</strong></span> <span class='ocrx_word' id='word_1_518' title='bbox 708 3801 818 3864; x_wconf 72' lang='lat' dir='ltr'><strong>quidest</strong></span> <span class='ocrx_word' id='word_1_519' title='bbox 836 3797 1003 3846; x_wconf 76' lang='lat' dir='ltr'><strong>aliudtollaro</strong></span> <span class='ocrx_word' id='word_1_520' title='bbox 1021 3799 1176 3848; x_wconf 72' lang='grc'>5553555155</span> 
     </span>
     <span class='ocr_line' id='line_1_48' title="bbox 106 3863 1176 3934; baseline -0.009 -13"><span class='ocrx_word' id='word_1_521' title='bbox 106 3873 249 3934; x_wconf 68' lang='lat' dir='ltr'><strong>amictuum,</strong></span> <span class='ocrx_word' id='word_1_522' title='bbox 275 3873 355 3922; x_wconf 77' lang='lat' dir='ltr'><strong>tollore</strong></span> <span class='ocrx_word' id='word_1_523' title='bbox 378 3874 507 3922; x_wconf 76' lang='lat' dir='ltr'><strong>amicorum</strong></span> <span class='ocrx_word' id='word_1_524' title='bbox 524 3873 640 3934; x_wconf 80' lang='lat' dir='ltr'><strong>colloquio</strong></span> <span class='ocrx_word' id='word_1_525' title='bbox 659 3875 707 3918; x_wconf 89' lang='lat' dir='ltr'><strong>etc.</strong></span> <span class='ocrx_word' id='word_1_526' title='bbox 726 3893 760 3904; x_wconf 86' lang='lat'>-</span> <span class='ocrx_word' id='word_1_527' title='bbox 777 3868 865 3916; x_wconf 72' lang='lat' dir='ltr'><strong>scilieet</strong></span> <span class='ocrx_word' id='word_1_528' title='bbox 883 3863 953 3914; x_wconf 84' lang='lat' dir='ltr'><strong>liihrt</strong></span> <span class='ocrx_word' id='word_1_529' title='bbox 974 3863 1018 3918; x_wconf 83' lang='lat' dir='ltr'><strong>mit</strong></span> <span class='ocrx_word' id='word_1_530' title='bbox 1037 3864 1176 3914; x_wconf 85' lang='lat' dir='ltr'><strong>ironischcr</strong></span> 
     </span>
    </p>
   </div>
   <div class='ocr_carea' id='block_1_6' title="bbox 0 0 1298 4226">
    <p class='ocr_par' dir='ltr' id='par_1_9' title="bbox 0 0 1298 4226">
     <span class='ocr_line' id='line_1_49' title="bbox 0 0 1298 4226; baseline 0 0"><span class='ocrx_word' id='word_1_531' title='bbox 0 0 1298 4226; x_wconf 95' lang='lat' dir='ltr'><strong> </strong></span> 
     </span>
    </p>
   </div>
  </div>
 </body>
</html>
