2670 4220
133 190 174 255 62
506 189 599 240 crans
618 189 658 240 nr.
694 188 763 240 cnr.
785 193 825 243 as.
1084 216 1104 242 a.
1120 204 1207 272 uos.
1293 153 1296 162 ¹

102 365 119 411 4
134 345 192 416 nit3
215 343 281 404 alibi
298 361 448 422 pavorem,
469 343 536 405 alibi
559 345 697 424 gaudium
714 345 818 422 ingens
835 343 910 404 iacit.
944 342 1072 404 Romani
1088 341 1204 401 civilem

134 447 198 490 esse
220 429 377 489 clamorem
400 437 487 506 atque
508 429 649 490 auxilium
671 430 772 490 adesse
794 430 871 489 inter
886 446 918 488 se
935 428 1110 506 gratulantes
1125 427 1206 487 ultro

134 531 170 574 er
192 512 364 574 stationibus
386 532 419 573 ac
441 512 544 592 vigiliis
564 514 697 575 territant
719 514 842 575 hostem.
880 513 984 573 consul
1005 511 1203 572 differendum

105 607 235 678 tnegat:
254 598 302 659 illo
327 599 453 658 clamore
474 616 536 658 non
554 599 711 660 adventum
729 599 819 658 modo
834 597 999 676 significari,
1021 597 1072 657 sed
1086 615 1151 656 rem
1166 595 1205 657 ab

134 683 196 744 suis
214 691 363 761 coeptam3
387 685 555 762 mirumque
570 703 645 759 esse,
665 685 696 744 ni
709 684 768 744 iam
783 685 926 744 exteriore
941 690 1022 761 parte
1037 689 1129 742 castra
1146 683 1204 742 ho.-

133 767 221 829 stium
238 776 455 846 oppugnentur.
493 769 590 846 itaque
606 787 686 828 arma
702 787 773 829 suos
789 787 892 847 capere
907 775 935 828 et
949 785 981 827 se
997 766 1138 844 subsequi
1153 767 1201 826 iu-

104 852 189 914 dbet.
226 861 311 916 nocte
333 853 437 914 initum
462 853 607 931 proelium
629 863 687 926 est;
718 853 881 932 legionibus
904 851 1052 913 dictatoris
1075 851 1206 912 clamore

103 959 117 1007 7
132 938 295 1016 significant
312 937 348 998 ab
365 957 397 998 ea
415 955 535 1015 quoque
550 946 631 1016 parte
646 958 708 998 rem
722 940 754 999 in
768 937 937 999 discrimine
953 956 1025 997 esse.
1046 937 1104 996 iam
1120 954 1151 996 se
1164 936 1203 996 ad

130 1023 314 1100 prohibenda
336 1023 513 1084 circumdari
536 1041 625 1110 opera
640 1025 734 1101 Aequi
756 1022 905 1102 parabant,
926 1041 995 1082 cum
1010 1021 1046 1081 ab
1061 1018 1203 1082 interiore

130 1109 214 1168 hoste
236 1107 348 1186 proelio
372 1115 485 1184 coepto,
507 1125 545 1167 ne
571 1109 740 1186 permedia
762 1127 814 1169 sua
829 1115 921 1168 castra
941 1107 1024 1166 tieret
1040 1107 1164 1184 eruptio,
1184 1124 1203 1165 a

132 1190 332 1253 munientibus
346 1193 381 1252 ad
397 1201 563 1270 pugnantes
577 1195 740 1254 introrsum
755 1194 832 1254 versi
849 1211 969 1252 vacuam
984 1199 1101 1251 noctem
1117 1191 1203 1268 operi

100 1277 253 1348 ededere3
275 1285 498 1354 pugnatumque
521 1294 589 1337 cum
611 1278 732 1338 consule
752 1279 787 1338 ad
809 1279 905 1338 lucem
924 1285 975 1337 est.
1016 1276 1082 1337 tuce
1105 1276 1203 1353 prima

129 1363 186 1420 iam
205 1361 410 1422 circumvallati
424 1361 459 1421 ab
474 1361 613 1423 dictatore
629 1371 719 1438 erant,
737 1371 765 1422 et
780 1363 829 1423 vix
844 1363 986 1422 adversus
1000 1379 1096 1421 unum
1113 1379 1202 1420 exer-

131 1446 220 1504 citum
239 1463 369 1526 pugnam
385 1446 577 1506 sustinebant.
600 1455 662 1508 tum
679 1465 695 1506 a
711 1448 886 1520 Quinctiano
902 1446 1040 1521 exercitu,
1058 1445 1109 1524 qui
1125 1463 1204 1506 con-

131 1530 228 1590 festim
245 1549 260 1590 a
275 1533 405 1609 perfecto
422 1548 513 1609 opere
527 1531 563 1591 ad
577 1550 657 1592 arma
675 1533 768 1605 rediit,
783 1532 930 1592 invaditur
944 1531 1060 1592 rabaam.
1090 1530 1138 1590 hic
1151 1531 1205 1590 in-

101 1630 116 1677 e
131 1615 223 1676 stabat
244 1634 321 1675 nora
339 1633 453 1694 pugna3
475 1616 521 1676 illa
538 1617 610 1677 nihil
624 1617 777 1686 remiserat
790 1618 880 1696 prior.
910 1625 974 1676 tum
990 1615 1109 1694 ancipiti
1124 1615 1206 1674 malo

133 1707 255 1779 urgente
272 1721 287 1761 a
304 1701 415 1781 proelio
432 1701 468 1761 ad
483 1720 585 1778 preces
601 1703 679 1762 versi
693 1702 763 1762 hinc
777 1703 947 1763 dictatorem
963 1701 1032 1760 hinc
1047 1700 1203 1774 consulem

132 1803 225 1859 orare,
248 1804 288 1846 ne
309 1787 339 1846 in
366 1786 517 1847 occidione
539 1788 690 1846 victoriam
713 1797 867 1865 ponerent,
890 1795 922 1847 ut
943 1787 1071 1846 inermes
1086 1804 1117 1845 se
1132 1785 1208 1844 inde

95 1945 96 1948 Ἴ
131 1870 210 1931 abire
225 1872 364 1933 sinerent.
383 1871 419 1932 ab
435 1871 556 1930 consule
570 1872 605 1931 ad
621 1871 790 1931 dictatorem
806 1871 849 1931 ire
863 1871 952 1944 iussi3
968 1872 993 1931 is
1004 1870 1202 1949 ignominiam

85 1971 114 2018 10
129 1956 263 2014 infensus
286 1955 410 2015 addidit:
433 1949 598 2014 Gracchum
612 1955 753 2016 Cloelium
769 1957 875 2017 ducem
898 1957 1106 2035 principesque
1128 1955 1204 2016 alios

129 2040 243 2098 vinctos
259 2040 294 2099 ad
311 2057 343 2098 se
359 2039 464 2100 adduci
481 2038 569 2118 iubet,
587 2039 695 2118 oppido
711 2040 857 2102 Corbione
873 2041 982 2101 decedi.
1004 2041 1156 2119 sanguinis
1169 2059 1204 2100 se

130 2124 301 2200 Aequorum
326 2141 387 2182 non
408 2142 509 2202 egere;
531 2123 618 2185 licere
633 2125 732 2197 abire3
755 2126 815 2200 sed,
838 2134 871 2185 ut
885 2126 1066 2204 exprimatur
1080 2126 1202 2185 tandem

45 2213 47 2215 ’
130 2207 277 2268 confessio
300 2207 449 2270 subactam
472 2209 672 2288 domitamque
693 2229 757 2271 esse
779 2219 910 2290 gentem,
933 2210 1111 2288 subiugum
1134 2208 1201 2269 abi-

85 2307 112 2355 11
131 2301 221 2358 turos,
255 2293 349 2354 tribus
372 2293 461 2355 hastis
484 2295 587 2374 iugum
608 2295 743 2356 bt‘humi
766 2296 830 2356 fixis
850 2295 964 2357 duabus
986 2313 1134 2374 superque
1150 2313 1203 2354 eas

129 2387 294 2439 transversa
312 2398 370 2440 una
386 2379 516 2460 deligata.
546 2379 602 2441 sub
617 2381 674 2441 hoc
687 2382 756 2459 iugo
771 2381 894 2441 dictator
908 2382 1026 2458 Aequos
1043 2380 1128 2440 misit.

128 2548 170 2608 21,
189 2550 217 2598 5:
250 2552 320 2598 alios.
339 2575 370 2583 -
392 2553 488 2609 mirum,
513 2551 549 2611 ni,
573 2547 671 2610 gewiss,
695 2563 758 2610 ganz
776 2548 867 2610 sicher,
886 2554 956 2597 sonst
975 2548 1046 2598 mehr
1063 2548 1108 2597 der
1127 2547 1198 2597 Con·

127 2615 282 2664 remetions-
299 2617 349 2663 und
365 2615 573 2680 Dichterspruche
591 2615 757 2678 angshbrend,
776 2615 806 2666 tt.
826 2618 884 2668 234.
898 2635 937 2654 ·-
952 2633 1002 2668 rem
1020 2621 1047 2666 io
1065 2621 1088 2666 el.
1104 2633 1132 2678 e,
1150 2617 1198 2666 der

127 2680 220 2746 tiamps
239 2683 302 2732 habe
328 2683 469 2750 hegennen,
496 2698 522 2733 es
545 2682 581 2732 sei
607 2698 637 2731 zu
665 2683 744 2733 cinern
769 2685 976 2735 entscheidcnden
1001 2684 1125 2734 Momente
1149 2699 1200 2749 ge—

128 2751 248 2800 kommen.
270 2777 302 2785 -
325 2755 358 2800 ad
375 2754 547 2813 probibate,
574 2752 605 2800 da
626 2755 741 2812 prohibeo
767 2754 812 2803 den
841 2767 891 2803 acc.
911 2769 931 2803 c.
950 2752 992 2804 inf.
1012 2754 1105 2816 haben,
1132 2769 1152 2802 s.
1172 2757 1202 2814 5,

127 2820 169 2879 49,
188 2819 218 2879 8;
246 2821 270 2874 4.
292 2821 315 2881 2,
338 2821 383 2871 12:
410 2823 623 2870 illine-ermari
645 2824 761 2872 deitates
781 2825 942 2884 prohibeant?
971 2822 1035 2883 und,
1059 2835 1132 2871 wcnn
1156 2821 1203 2872 die

126 2885 225 2949 th'aitige
245 2884 337 2936 Person
356 2888 425 2937 nieht
444 2895 554 2951 genennt
573 2888 620 2949 ist,
646 2889 725 2938 selbst
745 2889 771 2938 iu
789 2890 834 2940 das
851 2889 940 2940 Passiv
961 2891 1101 2953 iibergehen
1118 2891 1202 2944 kann:

127 2957 211 3004 civitem
231 2958 325 3005 ermari
338 2959 486 3018 prohibetur,
505 2973 576 3018 opera
594 2961 742 3008 circumdari
751 2961 920 3021 probibentur,
939 2974 966 3008 so
984 2958 1050 3008 lissi
1067 2958 1120 3008 sich
1133 2959 1201 3009 auch

127 3023 171 3070 das
196 3022 325 3086 gerundiv.
346 3023 391 3073 mit
415 3025 468 3074 dem
492 3039 555 3075 nom.
574 3041 595 3074 c.
614 3024 657 3075 inf.
675 3026 825 3076 verbinden:
855 3045 927 3088 opera
950 3031 1097 3078 ebeumdcri
1108 3030 1200 3089 probi-

130 3095 219 3150 berade5
238 3093 279 3152 22,
295 3094 336 3153 66,
352 3094 381 3144 3:
399 3109 441 3143 nee
452 3096 614 3154 prohibendos
630 3111 659 3144 em
670 3101 768 3157 privato
787 3099 879 3147 redimi.
897 3123 930 3132 ·-
947 3113 1053 3162 bamam,
1073 3094 1129 3160 inei,
1146 3113 1200 3146 un-

82 3211 85 3216 ,
127 3161 232 3222 gest‘o'rt.
264 3165 331 3221 operi
346 3178 369 3210 n.
385 3165 538 3226 perficiendo,
557 3162 608 3226 vgl.
632 3168 651 3224 1,
671 3167 711 3227 55,
731 3166 759 3215 t:
789 3169 823 3216 ad
840 3169 965 3227 deponebat
986 3167 1028 3229 37,
1047 3167 1070 3226 8,
1095 3168 1121 3215 1:
1141 3181 1199 3215 mem

124 3238 196 3278 totam
213 3232 311 3280 diensem
328 3233 427 3280 tiberem
442 3235 469 3280 in
481 3241 612 3292 apparatus
622 3235 750 3295 habuisset,
771 3233 822 3296 vgl.
838 3237 859 3294 1,
874 3236 916 3296 46,
930 3237 952 3284 9.
966 3261 999 3270 -
1019 3237 1070 3284 iure
1081 3249 1123 3294 pr.
1138 3239 1200 3298 etc,

125 3297 174 3346 wie
194 3301 218 3363 4,
237 3299 261 3360 9,
285 3299 330 3360 133
364 3298 404 3348 bei
423 3297 494 3348 Dion.
512 3315 533 3350 c.
554 3301 587 3352 24
605 3299 639 3350 ist
656 3301 700 3350 das
719 3299 871 3365 Sagenhuite
892 3300 1009 3352 entiernt.

194 3369 286 3418 9-11,
314 3370 431 3427 θονύἱοη,
452 3385 471 3416 r.
491 3370 532 3429 30,
553 3371 584 3431 23
604 3371 628 3428 2,
649 3371 689 3434 39,
709 3373 732 3421 4.
751 3395 785 3406 -
802 3374 1025 3434 conpositis-ep,
1043 3386 1064 3421 s.
1080 3386 1101 3420 c.
1115 3372 1157 3433 52,
1169 3372 1197 3436 9,

126 3434 285 3496 gewbbnlich
303 3435 408 3484 brnucht
421 3435 448 3486 L.
459 3437 507 3485 tien
519 3437 603 3488 Ablat.
618 3437 658 3487 bei
671 3454 744 3503 epere.
762 3467 791 3474 -
807 3442 850 3490 sub
870 3443 929 3504 itep,
948 3441 972 3502 9,
992 3441 1018 3503 6,
1037 3441 1083 3492 12:
1101 3443 1195 3503 ispum,

124 3505 167 3552 sub
188 3507 254 3566 quod
270 3508 431 3567 emicuissent,
455 3511 526 3554 sonst
543 3509 585 3556 iub
604 3511 688 3570 ispum
704 3512 804 3570 mittere,
827 3511 849 3570 1,
871 3510 912 3572 26,
935 3510 979 3571 133
1010 3510 1033 3570 2,
1055 3509 1096 3570 34,
1117 3510 1140 3559 9.
1159 3534 1197 3543 -

123 3571 198 3620 beans
221 3578 278 3634 etc,
306 3571 361 3623 eine
385 3572 549 3637 Andeutung‚
576 3574 633 3624 dass
660 3575 711 3641 sie,
736 3573 959 3640 kriegsgeiangen‚
982 3591 1029 3626 nur
1052 3575 1130 3626 durch
1153 3575 1196 3626 die

124 3636 210 3688 Gnade
233 3640 278 3690 der
295 3639 388 3691 Fcinde
415 3641 541 3692 entlassen
563 3643 671 3692 werden.
707 3643 753 3694 Die
778 3644 964 3710 antiquarische
988 3644 1153 3708 Bernerkung
1172 3660 1195 3696 s.

123 3703 191 3756 Fest.
209 3723 234 3771 p.
253 3711 319 3760 305:
342 3713 385 3760 cub
403 3714 494 3774 iopam,
513 3709 547 3760 ist
568 3712 706 3776 verspiitet‚
725 3729 744 3762 s.
763 3728 783 3762 c.
803 3716 844 3778 23,
862 3718 885 3779 5,
900 3713 954 3764 avie
969 3714 1073 3763 manche
1092 3712 1197 3778 undere,

123 3790 141 3824 s.
160 3789 181 3822 c.
202 3779 225 3838 4,
248 3777 276 3841 13
293 3779 336 3841 40,
355 3781 397 3840 46,
416 3779 431 3829 6
451 3795 473 3828 u.
492 3793 514 3828 a.
532 3805 566 3814 -—
582 3783 625 3830 sub
642 3785 700 3845 iope
718 3780 778 3832 weil
796 3781 832 3834 sie
849 3788 923 3833 unter
941 3782 996 3832 dem
1007 3782 1084 3832 Joche
1096 3779 1194 3844 seiend‚

82 3865 85 3871 —
123 3843 183 3892 oder
203 3848 277 3892 unter
295 3844 434 3895 demselben
453 3846 675 3898 hervorkommend
692 3851 799 3913 gedacht
817 3852 927 3908 werden,
