2588 4226
151 163 191 226 14
529 161 624 214 nmen
641 163 682 216 ur.
719 163 788 213 car.
808 125 837 216 ess
1093 192 1111 218 a.
1126 189 1151 219 u.
1170 179 1224 220 291.

14 301 16 374 ἶ
120 327 135 376 3
151 338 184 380 ea
199 301 342 380 55515115ι
351 319 509 380 mixtorum
521 311 618 380 omnis
629 320 743 398 generis
755 321 945 380 animantium
955 328 983 380 et
992 318 1083 380 odore
1094 319 1222 380 insolito

150 404 280 465 mbonos
297 412 325 465 et
338 413 481 484 agrestem
496 409 662 466 consertum
682 406 713 465 in
734 413 794 466 arta
810 413 883 466 tecta
897 412 978 466 aestu
994 424 1026 464 ac
1041 404 1142 484 vigiliis
1160 423 1221 466 an-

150 488 242 568 gebat,
258 489 475 569 ministeriaque
490 491 522 550 in
536 491 631 552 vicem
645 507 678 550 ac
694 491 905 570 contagioipsa
915 489 1072 569 vulgabant
1081 489 1222 551 morbos.

119 584 136 632 4
150 575 197 635 vix
218 577 359 636 instantes
374 575 586 637 sustinentibus
601 575 696 636 clades
711 584 830 653 repente
844 576 928 655 legati
942 575 1060 636 Hernici
1076 576 1222 638 55511551

147 661 178 720 15
193 678 261 739 agro
277 679 332 720 suo
344 664 462 739 Aequos
474 661 653 740 Volscosque
670 661 834 722 coniunctis
845 663 936 740 copiis
953 669 1046 722 castra
1059 662 1221 739 posuisse3

120 745 216 806 binde
238 747 365 807 exercitu
383 747 493 826 ingenti
513 747 586 807 lines
607 765 677 806 suos
694 745 874 825 depopulari.
910 748 1221 826 praeterquamquod

147 831 320 909 infrequens
343 840 460 893 senatus
481 831 588 892 indicio
612 839 673 892 erat
693 831 780 892 sociis
802 831 945 892 adflictam
961 832 1103 893 civitatem
1120 833 1220 910 pesti-

146 915 233 977 lentia
250 935 322 990 esse,
332 925 480 982 maestum
497 917 585 977 etiam¹
598 934 776 994 responsum
791 916 891 990 tulere,
905 925 938 978 ut
952 935 1006 996 per
1021 935 1052 977 se
1066 916 1220 994 ipsi'Her-

146 1001 205 1062 nici
227 1020 296 1062 cum
317 1001 426 1062 Latinis
447 1019 495 1062 res
517 1020 585 1062 suas
607 1010 786 1063 tutarentm·:
808 1001 913 1064 urbem
934 1003 1098 1064 Romanam
1117 1002 1221 1064 subita

147 1087 235 1147 deum
250 1087 292 1147 ira
307 1085 412 1146 morbo
430 1086 579 1164 populari;
597 1087 621 1147 si
635 1104 693 1165 qua
709 1088 771 1148 eius
785 1087 852 1148 mali
868 1089 951 1166 quies
965 1089 1068 1160 veniat,
1084 1095 1117 1147 nt
1130 1107 1217 1148 anno

24 1162 25 1166 ’
114 1176 133 1231 ’6
147 1180 222 1251 ante,
245 1180 277 1232 ut
298 1189 415 1250 semper
436 1172 503 1232 alias
526 1172 613 1232 sociis
636 1190 724 1251 opem
738 1173 858 1234 laturos.
893 1173 1052 1234 discessere
1068 1173 1141 1234 socii
1157 1193 1217 1252 pro

147 1257 221 1317 tristi
235 1257 340 1317 nuntio
355 1257 514 1318 tristiorem
530 1258 653 1318 domum
670 1257 839 1329 referentes,
859 1260 968 1338 quippe
986 1258 1094 1337 quibus
1110 1277 1168 1337 per
1185 1279 1218 1320 se

146 1341 352 1402 sustinendum
373 1342 483 1403 bellum
505 1351 573 1416 erat,
595 1343 676 1422 quod
691 1343 738 1402 vix
756 1344 897 1404 Romanis
912 1345 977 1406 fulti
993 1343 1104 1404 viribus
1120 1347 1217 1406 susti-

119 1426 288 1487 tnuissent.
311 1445 372 1488 non
389 1428 498 1496 diutins
515 1446 546 1489 se
561 1429 592 1489 in
609 1428 736 1490 Hernico
753 1428 845 1488 hostis
860 1430 1020 1502 continuit;
1036 1430 1131 1507 pergit
1140 1430 1217 1490 inde

145 1512 269 1572 infestus
290 1513 322 1572 in
345 1532 430 1593 agros
444 1514 595 1575 Romanos
618 1514 704 1574 etiam
720 1513 782 1574 siue
799 1513 866 1574 belli
880 1515 987 1576 iniuria
1002 1522 1136 1576 vastatos.
1164 1515 1219 1576 ubi

146 1615 214 1658 cum
238 1597 342 1659 obvius
357 1617 445 1659 nemo
461 1617 499 1660 ne
514 1599 635 1660 inermis
652 1599 770 1679 quidem
792 1599 881 1682 lieret,
906 1619 1017 1679 perque
1035 1600 1133 1660 omnia
1149 1619 1217 1661 non

145 1682 295 1760 praesidiis
318 1684 407 1745 modo
429 1684 542 1744 deserta
558 1683 610 1744 sed
629 1685 713 1745 etiam
731 1681 810 1744 cultu
827 1687 932 1762 agresti
952 1686 1118 1762 transirent,
1139 1705 1216 1763 per-

145 1786 251 1828 venere
267 1769 302 1829 ad
317 1770 434 1830 tertium
448 1769 573 1848 lapidem
589 1769 698 1830 Gabina
712 1771 765 1830 via.

215 2040 289 2090 3-5,
319 2055 346 2088 ea
365 2043 614 2090 conluvio—mordes
633 2039 750 2096 schlicsst
767 2039 829 2102 sich,
850 2039 887 2089 als
904 2037 1056 2104 llrkliirung,
1075 2039 1218 2091 cbiastiscb

146 2122 177 2155 an
203 2107 249 2156 don
273 2105 495 2170 vorhcrgehcnden
519 2107 580 2157 Satz
605 2123 650 2171 an,
663 2110 726 2159 ·und
751 2108 784 2158 ist
808 2109 871 2158 euch
894 2107 920 2157 in
940 2108 994 2158 sich
1011 2107 1147 2158 chiestisob
1166 2125 1214 2173 ge-

146 2175 249 2228 ordnet:
268 2179 338 2226 cdere
347 2203 381 2211 ·-
389 2180 491 2242 51911111,
510 2176 561 2241 vgl.
577 2175 689 2243 Thucyd.
702 2180 726 2243 2,
745 2180 777 2230 41
786 2177 824 2238 11,,
841 2177 903 2228 iiber
920 2177 968 2227 den
986 2177 1107 2228 chbscl
1125 2181 1215 2231 urban.

145 2255 269 2310 apreetmn,
300 2260 320 2299 s,
344 2247 383 2308 10,
403 2247 444 2308 36,
463 2247 492 2312 93
521 2249 563 2310 45,
583 2247 624 2309 34,
645 2251 674 2310 5,
694 2262 715 2298 c.
736 2250 760 2310 1,
780 2249 804 2299 3.
826 2273 860 2282 -
880 2249 992 2311 angebat,
1019 2252 1137 2310 erzeugtc
1162 2247 1213 2298 Be-

144 2313 292 2379 klemmnng.
310 2341 343 2351 -
368 2318 394 2364 in
417 2318 503 2378 vicen,
528 2314 670 2379 attributio,
699 2321 720 2377 1,
744 2317 785 2374 39,
811 2317 833 2368 3.
851 2343 885 2352 -
904 2319 1024 2380 cantapia,
1049 2317 1091 2378 25,
1113 2317 1155 2376 26,
1183 2320 1212 2370 8,

144 2393 319 2436 5551551555-
336 2387 461 2447 e'nrtentce,
483 2386 507 2448 2,
522 2387 563 2446 36,
584 2387 608 2436 6.
621 2410 655 2420 -
673 2387 784 2448 Hernici,
804 2384 878 2446 diese,
897 2383 1022 2434 zwischon
1034 2383 1080 2433 den
1095 2381 1212 2450 Aequern

144 2453 193 2502 und
211 2451 336 2504 Volskorn
353 2453 490 2518 wohncnd,
515 2453 570 2503 sind
597 2467 636 2502 am
657 2459 740 2502 ersten
758 2453 806 2502 den
824 2451 954 2516 Angrillcn
975 2451 1104 2503 derselben
1122 2467 1213 2518 ausge-

144 2527 218 2570 sctzt.
238 2547 271 2556 -
288 2526 412 2584 mmtient,
431 2537 459 2570 so
478 2519 523 2584 511,
541 2537 562 2572 s.
581 2536 602 2574 c.
616 2523 640 2582 8,
660 2525 689 2583 4,
709 2523 751 2583 22,
770 2523 801 2586 2,
820 2523 844 2582 4,
865 2521 906 2583 26,
930 2524 940 2572 1
962 2538 985 2571 u.
1005 2537 1037 2584 a.,
1057 2521 1093 2571 sie
1111 2521 1211 2572 melden

145 2603 191 2639 nur
210 2587 250 2638 dic
269 2587 364 2638 Geiabr
381 2589 445 2638 nach
463 2588 538 2650 Rom,
562 2588 670 2638 welches
697 2591 759 2639 noch
777 2589 832 2640 dem
849 2589 969 2640 Biindniss
989 2592 1013 2655 2,
1033 2592 1065 2642 33
1087 2587 1160 2640 1111115
1179 2607 1211 2641 zu

144 2656 234 2705 leistcn
252 2656 411 2722 verptlichtet
428 2655 470 2717 ist,
491 2657 539 2706 wie
556 2657 593 2708 sie
613 2657 691 2707 selbst
705 2657 741 2707 sic
755 2657 852 2721 lcisten,
867 2674 887 2707 s.
902 2673 922 2708 c.
938 2663 961 2721 1,
978 2662 1001 2722 5,
1014 2658 1067 2722 vgl.
1083 2673 1103 2708 c.
1119 2662 1144 2722 4,
1164 2662 1210 2722 11,

146 2726 187 2788 22,
209 2727 233 2777 4.
252 2752 287 2761 -
304 2728 391 2788 tulere,
416 2739 437 2774 c.
456 2727 496 2791 34,
522 2729 549 2786 1,
579 2729 603 2790 6,
630 2729 653 2789 3,
681 2729 705 2787 2,
730 2725 780 2790 vgl.
799 2731 823 2791 4,
846 2730 887 2789 51,
911 2730 934 2778 6.
952 2755 985 2762 -
1004 2745 1051 2790 per
1068 2746 1087 2778 e.
1108 2731 1138 2793 1.,
1157 2733 1211 2790 ipse

145 2792 262 2843 schlicsst
285 2792 340 2843 sich
362 2793 388 2842 in
408 2793 500 2844 diesem
521 2793 593 2846 Falle
610 2795 680 2845 nicht
700 2811 731 2845 an
751 2813 775 2846 ee
793 2811 838 2856 en,
865 2797 970 2846 sondern
987 2795 1046 2845 tritt
1064 2813 1096 2846 zu
1110 2813 1158 2858 per
1177 2815 1210 2861 re,

146 2863 188 2911 das
208 2861 363 2926 sclbst'aindig
379 2863 517 2914 bendelndc
535 2861 638 2928 Subjcct
660 2864 841 2926 bezeichnend,
867 2881 886 2914 s.
906 2866 967 2928 811,
995 2865 1082 2928 hinnu,
1110 2865 1162 2929 vgl.
1186 2868 1209 2929 1,

147 2933 186 2994 10,
206 2928 260 2992 21,,
279 2933 303 2993 2,
325 2933 459 2994 12,1.-
476 2936 761 2998 155115.,5,5.16,4;
782 2937 805 2994 5,
826 2936 899 2996 2,1,
921 2936 961 2996 21,
978 2937 1001 2996 8,
1024 2936 1049 2986 t:
1071 2937 1138 2998 quies
1155 2952 1210 2986 cer-

144 3002 268 3062 1551555,
285 2999 394 3063 dagegen
415 3003 436 3066 1,
456 3002 496 3059 31,
518 3005 546 3054 5:
562 3005 591 3054 ab
608 3007 683 3056 511515
702 3006 768 3066 quies
785 3019 810 3053 u.
829 3017 852 3052 a.
872 3029 905 3036 -
923 3007 1021 3065 laturos,
1041 3003 1084 3052 das
1102 3001 1208 3066 SubJect

143 3067 178 3116 ist
196 3083 240 3118 eus
258 3068 313 3118 dem
328 3067 541 3134 Zusammenhang
563 3087 593 3121 zu
611 3072 773 3132 entnebmen,
798 3071 926 3121 cntweder
945 3075 1064 3122 Romanos
1082 3086 1127 3121 aus
1146 3075 1210 3122 urle

143 3140 221 3201 Item,
248 3135 360 3200 nicoli,
386 3154 405 3188 s.
425 3141 450 3200 2,
473 3142 512 3206 14,
531 3141 560 3202 8,
580 3141 620 3203 33,
638 3143 679 3204 41,
698 3142 730 3196 6,
759 3139 820 3190 oder
845 3156 876 3202 ee,
904 3139 1047 3193 indemder
1063 3139 1141 3190 Sonat
1159 3157 1206 3191 zu-

143 3204 225 3270 glcich
243 3205 287 3256 des
307 3206 374 3257 Volk
393 3206 503 3271 vertritt,
524 3209 575 3272 vgl.
595 3212 637 3272 44,
660 3211 698 3272 19,
719 3211 764 3271 14,
790 3210 939 3271 42,24,1,
966 3211 1008 3271 45,
1026 3212 1068 3272 44,
1089 3211 1134 3276 103
1163 3212 1206 3274 28,

116 3286 119 3292 ·
146 3278 184 3340 14,
207 3277 236 3337 5,
252 3292 276 3326 ee
293 3274 385 3326 kennte
402 3291 443 3326 um
461 3293 490 3327 so
509 3277 616 3328 leicbtcr
633 3276 724 3344 leblcn,
745 3279 777 3327 de
797 3276 838 3326 ein
856 3278 1040 3328 entwortendes
1058 3277 1127 3340 Snbj.
1138 3277 1209 3328 nicht

76 3389 79 3396 .
143 3348 252 3407 genennt
269 3343 311 3408 151,
331 3346 381 3395 und
398 3346 523 3404 esleicht
542 3345 588 3396 aul
601 3351 712 3400 rettulere
730 3347 838 3409 bczogen
860 3347 961 3396 werden
978 3347 1078 3396 kdnntc.

210 3432 285 3483 6-7.
321 3434 440 3494 tristiore,
473 3433 494 3492 1,
515 3435 537 3493 1,
557 3433 580 3483 8.
598 3458 632 3466 -
649 3441 713 3493 eret,
741 3430 785 3480 der
812 3428 934 3480 Indicativ
962 3432 1025 3480 nach
1051 3435 1139 3496 551555
1163 3436 1208 3496 qod

142 3497 218 3548 tindct
235 3499 289 3550 sich
306 3499 347 3550 bei
367 3499 395 3550 L
406 3497 545 3562 bisweilen,
563 3499 612 3548 wie
631 3516 650 3550 c.
670 3503 710 3563 53,
728 3502 757 3560 1,
775 3501 798 3562 5,
817 3501 901 3562 31,1,
920 3501 943 3563 8,
959 3502 999 3564 26,
1014 3502 1045 3560 5,
1066 3501 1107 3564 26,
1121 3503 1163 3563 41,
1174 3503 1204 3565 8,

141 3568 183 3630 42,
204 3568 244 3630 18,
266 3571 291 3630 1,
313 3566 795 3631 115511511556551555115111156555.
815 3595 849 3602 -
859 3568 928 3631 fulti
947 3568 1115 3619 condicional:
1142 3575 1166 3620 ei
1175 3572 1203 3634 f.

141 3645 223 3686 essent.
241 3662 275 3671 —
292 3639 405 3702 Hernico,
429 3641 450 3699 1,
472 3639 511 3699 11,
529 3640 553 3688 4.
571 3664 606 3672 -
625 3640 712 3699 omnia,
729 3636 826 3698 lauter;
845 3637 889 3687 das
907 3643 987 3687 neutr.
1005 3637 1070 3704 plur.
1088 3639 1131 3688 des
1150 3637 1204 3686 Ad·
1240 3677 1245 3686 .

138 3702 232 3766 1551155
258 3703 324 3754 5151
348 3705 476 3756 biswcilen
501 3721 545 3756 zur
567 3705 983 3770 6555151555,55525551111155
1007 3707 1160 3770 gebraucht,
1184 3723 1203 3757 s.

143 3775 166 3834 5,
185 3775 226 3836 53,
248 3775 274 3836 1,
291 3775 333 3836 21,
353 3777 393 3835 25,
412 3774 492 3838 9,11.
512 3777 553 3836 32,
572 3776 595 3827 9.
615 3803 645 3811 -
660 3777 777 3839 praese,
795 3773 819 3822 in
838 3773 944 3826 St'ddten
961 3775 1010 3824 und
1026 3773 1203 3826 1155151155,-

142 3843 200 3892 Get.
221 3858 261 3905 5.,
287 3841 350 3890 nach
374 3839 448 3892 Gabii
472 3845 522 3893 und
548 3841 696 3907 Praeneste,
724 3843 764 3893 die
784 3841 1054 3907 Verbindungsstrossc
1078 3843 1205 3894 zwischcn·
