2678 4200
279 1179 340 1252 'AB
363 1191 463 1252 URBE
486 1191 652 1252 CONDITA
674 1191 870 1254 LIBRORUM
891 1190 1117 1252 PERIOCHAE.

556 1475 562 1492 ¹
601 1458 655 1510 Ex
680 1459 752 1513 ΜΒ.
771 1458 810 1512 111

236 1551 378 1602 Seditiones
398 1553 429 1602 da
447 1553 555 1616 agrariis
573 1552 669 1618 legibus
690 1549 768 1602 fuere.
800 1551 950 1618 Capitolium
969 1553 1001 1602 ab
1019 1552 1136 1603 exulibus
1150 1559 1176 1603 et
1187 1568 1244 1604 ser-

148 1653 150 1660 2
166 1620 207 1670 vis
228 1627 374 1685 eeeupatum
387 1621 468 1670 eaesis
482 1621 522 1671 bis
536 1636 593 1672 reee
609 1628 661 1670 tum
676 1627 720 1670 est
753 1635 840 1671 eansus
855 1621 894 1671 bis
907 1627 979 1670 aetus
993 1627 1046 1670 est:
1064 1620 1148 1685 priore
1161 1620 1247 1670 lustro

167 1704 242 1739 eensa
253 1695 312 1740 aunt
324 1689 417 1739 eiviurn
431 1689 514 1756 capita
528 1637 611 1746 svlii
623 1689 694 1739 milia
703 1687 839 1739 DCCXIIII
852 1695 955 1755 praeter
969 1689 1043 1740 erbas
1056 1689 1186 1754 orbusque,
1201 1705 1243 1740 se-

167 1757 252 1822 quenti
270 1756 363 1807 cxvn
388 1757 459 1808 milia
482 1757 628 1808 ccxvilii.
664 1773 719 1808 eum
745 1758 865 1808 adversus
890 1757 988 1823 Aequos
1014 1757 1080 1807 male
1106 1764 1178 1820 gesta
1202 1773 1247 1808 res

166 1833 248 1889 esset,
277 1825 302 1876 L.
323 1825 440 1890 Quintius
459 1825 621 1878 Cincinnatus
641 1826 752 1876 dictatur
770 1823 865 1886 iaetus,
891 1841 946 1875 eum
966 1840 1025 1876 rure
1043 1825 1154 1874 intentus
1174 1826 1245 1891 operi

166 1892 262 1944 rustice
283 1900 358 1958 esset,
379 1895 412 1945 nd
429 1894 455 1955 id
473 1895 565 1944 bellum
584 1896 719 1960 gerendum
737 1895 873 1946 arcessitus
887 1900 934 1946 est.
965 1893 986 1944 is
1001 1893 1084 1944 vietus
1098 1895 1185 1943 hostes
1197 1893 1246 1943 sub

164 1963 249 2026 iugum
269 1962 345 2013 misit.
382 1963 538 2014 tribunorum
557 1963 636 2028 plebis
656 1978 773 2014 numerus
790 1963 923 2029 ampliatus
941 1968 988 2028 est,
1005 1968 1035 2012 ut
1052 1969 1136 2012 essent
1150 1963 1243 2024 decem,

163 2031 293 2081 tricesimo
311 2037 383 2082 sexte
401 2047 466 2081 anne
478 2051 493 2082 a
505 2032 590 2098 primis
604 2031 712 2082 tribunis
725 2031 813 2098 piebis.
842 2031 928 2098 petitis
942 2045 987 2096 per
1001 2031 1099 2095 legates
1112 2037 1138 2080 et
1150 2029 1244 2080 adlatis

164 2097 258 2149 Atticis
279 2100 375 2164 legibus
396 2102 429 2150 ed
454 2100 641 2151 constituendas
662 2115 705 2152 aas
723 2101 944 2166 proponentesque
965 2099 1100 2150 decemviri
1116 2115 1162 2165 pre
1182 2115 1244 2148 een-

165 2167 261 2218 sulibus
281 2167 334 2218 sine
352 2168 412 2218 ullis
431 2169 489 2219 aliis
507 2169 695 2234 magistratibus
715 2169 795 2220 ereati
816 2169 899 2218 altere
924 2175 950 2218 et
974 2168 1150 2220 trecentesimo
1168 2183 1243 2229 aune,

165 2251 237 2300 quam
250 2235 329 2286 Roma
347 2237 448 2287 condita
467 2245 532 2303 erat,
551 2245 578 2288 et
594 2244 623 2287 ut
640 2254 656 2288 a
673 2238 774 2302 regibus
788 2237 957 2300 adcumula,
974 2236 1012 2286 ita
1025 2251 1040 2286 a
1055 2237 1198 2287 consulibus
1210 2238 1243 2285 ad

164 2304 319 2354 decemviros
335 2304 466 2374 imperium
483 2307 644 2357 translatum.
673 2307 701 2356 hi
714 2307 800 2357 (laeam
813 2305 909 2356 tabulis
922 2306 1006 2368 legum
1018 2305 1107 2370 positis
1120 2320 1175 2354 eum
1188 2320 1243 2354 me·

165 2373 237 2423 desto
257 2387 284 2423 se
301 2373 327 2422 in
346 2388 376 2423 eo
393 2375 488 2424 honere
504 2375 641 2438 gessissent
659 2381 686 2424 et
704 2375 779 2425 obsid
797 2373 824 2424 in
843 2375 950 2424 altarum
967 2388 1062 2440 quemue
1076 2389 1166 2423 annum
1181 2388 1243 2423 euu-

165 2441 221 2490 dem
245 2455 299 2491 esse
323 2441 498 2505 magistratum
517 2448 662 2506 placuisset,
685 2446 778 2496 daubus
803 2447 891 2494 tabulis
910 2443 942 2492 ad
960 2442 1044 2492 daeem
1064 2441 1169 2492 adiectis
1187 2457 1242 2491 eum

166 2509 294 2574 eemplura
313 2509 457 2576 inpotenter
474 2509 601 2575 ieeissaut,
618 2512 794 2576 magistratum
812 2512 946 2562 noluerunt
964 2511 1087 2575 deponere
1107 2516 1133 2560 et
1147 2509 1173 2558 in
1187 2517 1241 2561 ter-

166 2576 230 2626 tium
248 2591 337 2628 annum
354 2579 520 2644 retinuerunt,
540 2581 617 2630 denae
636 2581 718 2630 invise
735 2595 821 2632 eerum
843 2580 947 2646 imperio
965 2579 1037 2628 finem
1058 2578 1150 2628 adtulit
1162 2577 1242 2627 libide

164 2644 212 2710 Ap.
227 2643 333 2697 Claudii.
354 2647 396 2712 qni
409 2663 464 2697 eum
476 2648 502 2696 iu
514 2663 623 2698 amerem
634 2648 765 2712 Virginius
777 2649 883 2713 virginis
897 2647 1035 2709 ineidisset‚
1048 2647 1186 2711 summisse,
1200 2647 1242 2712 qui

164 2727 220 2762 eam
232 2713 259 2762 in
273 2714 421 2765 servitutem
432 2722 540 2781 peteret,
557 2717 732 2767 necessitatem
755 2717 822 2784 patri
843 2717 897 2766 eius
909 2715 1025 2780 Virgiuie
1043 2715 1153 2781 inposuit
1168 2721 1242 2781 rapte

164 2795 198 2830 ex
209 2782 316 2833 taberne
329 2783 442 2849 proxima
457 2784 541 2834 enltra
554 2784 631 2835 tiliam
646 2785 781 2845 eeeideudi,
800 2799 854 2836 eum
869 2783 946 2835 aliter
959 2782 1027 2834 efflei
1040 2799 1089 2833 nen
1099 2789 1192 2850 posset,
1210 2799 1244 2834 ne

163 2847 190 2897 in
209 2856 361 2914 potestatem
375 2859 488 2917 stuprum
502 2853 607 2903 inlaturi
619 2853 727 2904 veniret.
755 2855 802 2903 hee
815 2859 868 2904 tam
881 2868 985 2917 maguae
998 2853 1117 2903 luxuriae
1130 2852 1243 2918 exemplo

164 2917 235 2981 plebs
255 2919 381 2968 eeneitata
400 2928 507 2972 mentem
525 2921 677 2972 Aventinum
698 2922 832 2987 eeeupavit
849 2922 981 2987 eniigitque
998 2921 1152 2972 decemviros
1172 2920 1242 2970 abdi·

164 2999 224 3034 eara
242 2999 269 3036 se
287 2987 446 3050 magistratu.
476 3005 509 3039 ex
523 2989 610 3055 quibus
622 2989 724 3056 Appius,
743 2990 785 3056 qui
798 2990 931 3056 praecipua
946 3005 1050 3054 poenam
1061 2995 1197 3052 meruerat,
1215 2989 1243 3036 iu

164 3067 292 3104 carcerem
311 3054 438 3106 ennieetns
456 3064 512 3120 est3
530 3059 609 3109 ceteri
627 3059 653 3108 in
673 3058 775 3108 exilium
793 3065 852 3110 sunt
864 3057 922 3108 aeti.
954 3072 994 3108 res
1010 3064 1142 3123 praeterea
1154 3063 1242 3105 neutra

165 3121 273 3172 Sabinos
291 3129 318 3173 et
338 3122 443 3174 Vulsees
465 3141 583 3192 prospere
609 3133 695 3191 gestas
719 3127 830 3178 eontinet
852 3133 878 3176 et
900 3140 986 3191 parum
1005 3127 1137 3175 honestum
1156 3124 1242 3189 pepuli

163 3189 270 3242 Romani
290 3191 414 3256 indicium,
433 3193 475 3258 qui
495 3193 571 3245 iudex
589 3195 658 3246 inter
669 3196 792 3246 Ardeates
805 3201 832 3246 at
844 3194 961 3243 Aricinos
973 3200 1084 3258 sumptus
1098 3208 1192 3256 agrum,
1212 3193 1243 3241 de

163 3273 212 3323 que
232 3259 414 3324 ambigebatur,
433 3261 483 3312 sibi
501 3263 664 3313 adiudieavit,

622 3381 787 3389 ——-—-——-

595 3447 650 3498 EX
672 3446 742 3498 LIB.
767 3447 811 3500 IV.
876 3459 878 3462 “

232 3535 286 3587 Lex
307 3537 337 3588 de
364 3540 470 3588 cenubio
490 3546 588 3605 patrum
607 3547 634 3592 at
651 3539 731 3606 plebis
749 3555 764 3589 a
782 3539 891 3589 tribunis
910 3539 1071 3590 contentione
1088 3555 1177 3603 magna
1196 3556 1243 3605 pa-

160 3603 243 3655 tribus
267 3608 463 3671 repugnantibus
488 3609 588 3673 perlata
613 3614 658 3658 est.
701 3607 795 3658 tribuni
804 3605 832 3633 **
853 3607 940 3673 plebis.
976 3607 1072 3673 aliquot
1097 3623 1175 3658 annes
1201 3624 1243 3660 res

159 3673 245 3738 pepuli
263 3673 368 3724 Romani
386 3676 453 3725 demi
470 3675 625 3742 militiaeque
644 3691 689 3742 per
706 3678 754 3726 hee
773 3691 850 3740 genus
868 3676 1032 3740 magistratus
1051 3676 1241 3727 administratae

160 3747 227 3790 suut.
259 3742 318 3793 item
337 3759 454 3794 censores
472 3749 532 3795 tune
552 3747 656 3811 primurn
671 3744 753 3795 ereati
767 3752 833 3795 sunt.
864 3760 925 3810 ager
937 3744 1090 3794 Ardeatibus
1104 3744 1190 3810 pepuli
1201 3745 1240 3794 iu-

160 3808 226 3858 dicio
246 3811 347 3862 ablatus
365 3811 449 3863 missis
468 3812 493 3862 iu
512 3828 568 3863 enm
586 3813 682 3863 eelenis
694 3813 829 3863 restitutus
841 3820 888 3864 ast.
918 3828 973 3862 eum
988 3810 1053 3864 ieme
1068 3814 1172 3880 populus
1187 3812 1239 3863 Re-

157 3893 247 3928 munus
269 3879 406 3944 laborarat,
426 3880 529 3947 Spurius
549 3881 655 3932 Maelius
674 3895 750 3947 eques
769 3881 894 3932 bemanus
916 3880 1066 3933 frumentum
1087 3883 1178 3950 popule
1194 3896 1240 3932 sua

207 3967 250 4012 rit.
264 3970 310 4012 biv.
327 3971 355 4012 11.
382 3974 405 4013 4.
426 3971 482 4014 sut.
999 3969 1032 4020 26
