2764 4208
77 439 79 445 '
116 490 119 496 .
209 455 278 496 eum
301 454 363 498 esse
382 442 500 512 putent,
530 436 612 495 cuius
634 434 658 494 si
681 452 737 512 qua
757 434 828 494 urbs
849 434 978 512 primum
999 433 1081 494 illum
1102 432 1273 493 brevissimi

203 195 269 260 290
367 172 370 178 ’
584 193 676 244 cicun
695 195 726 247 v.
762 192 832 248 cnr.
852 196 875 246 ι.
1141 220 1160 250 ,.
1174 219 1197 248 ι
1211 207 1265 250 ³⁵1.

208 367 243 411 ex
262 351 316 412 hac
336 369 368 410 re
388 349 510 428 putatis,
530 339 638 410 btruin
660 349 777 409 tandem
798 349 912 409 finitimi
933 348 1075 426 populum
1099 349 1275 408 Romanum

179 535 195 585 8
209 521 349 599 temporis
366 520 537 580 sustinuerit
550 517 701 598 impetum,
717 520 790 580 nihil
804 520 909 580 deinde
922 519 1027 590 timeat,
1042 537 1078 578 an
1093 518 1141 578 hic
1155 518 1193 578 sit
1207 525 1274 578 ter-

211 625 262 666 ror
277 606 405 666 nominis
420 605 522 678 nostri,
537 613 570 668 ut
584 605 741 664 exercitum
753 606 920 665 Romanum
935 622 997 663 non
1013 603 1138 664 taedium
1149 603 1272 681 longin-

212 710 286 770 quae
301 691 541 769 oppugnationis,
563 708 624 749 non
639 690 682 748 vis
696 689 800 750 hiemis
816 689 851 749 ab
868 690 940 749 urbe
966 690 1157 749 circumsessa
1180 689 1277 748 semel

211 795 346 846 amovere
362 776 460 855 possit,
476 793 531 834 nec
546 775 635 835 finem
650 775 741 836 ullum
756 775 844 835 alium
859 775 927 834 belli
941 792 1028 852 quam
1044 775 1194 834 victoriam
1210 791 1271 832 no-

180 861 297 935 dverit,
320 873 375 921 nec
391 862 502 938 impetu
515 859 612 938 potius
632 859 705 919 bella
728 878 815 956 quam
833 859 1047 956 perseverantia
1068 855 1171 937 gerat?
1195 875 1272 936 quae

209 947 239 1007 in
253 946 463 1040 omniquidem
478 962 583 1022 genere
599 945 678 1004 milit
660 955 722 1017 t,1ae
737 945 863 1006 maxime
877 953 975 1006 tamen
989 945 1021 1004 in
1036 943 1204 1004 obsidendis
1217 962 1271 1003 ur-

209 1031 296 1092 bibus
314 1030 475 1091 necessaria
491 1037 541 1102 est,
561 1048 686 1107 quarum
700 1030 853 1109 plerasque
870 1029 1082 1090 munitionibus
1099 1047 1131 1114 ac
1147 1029 1274 1088 naturali

210 1117 267 1178 situ
282 1113 520 1211 inexpugnabiles
535 1117 611 1174 fame
631 1115 735 1193 sitique
756 1123 872 1212 tempus
894 1115 991 1193 ipsum
1012 1107 1107 1175 vincit
1115 1121 1217 1191 atque
1217 1131 1272 1172 er-

166 1209 327 1281 repugnat,
343 1199 515 1260 sicuttVeios
531 1199 721 1278 expugnabit,
742 1201 798 1260 nisi
790 1200 918 1260 auxilio
935 1199 1067 1260 hostibus
1082 1198 1193 1259 tribuni
1207 1199 1273 1294 ple-

210 1285 254 1346 his
269 1285 423 1355 fuerint,e
424 1285 559 1344 tRomae
573 1285 738 1345 invenerint
752 1285 893 1382 praesidia
909 1284 1051 1356 Veientes,
1073 1302 1147 1362 quae
1161 1284 1271 1361 nequi-

166 1384 195 1433 ιι
212 1389 299 1448 quam
320 1330 480 1429 inlltruria
502 1377 656 1466 quaerunt.
686 1387 723 1429 an
745 1378 789 1430 est
807 1369 980 1448 quicquam,
1002 1369 1082 1448 quod
1101 1368 1272 1428 Veientibus

211 1462 341 1533 optatum
354 1471 445 1531 aeque
460 1455 627 1532 contingere
643 1455 750 1532 possit,
774 1474 861 1533 quam
877 1463 910 1514 ut
926 1454 1116 1515 seditionibus
1138 1454 1273 1532 primum

167 1551 196 1601 12
211 1539 282 1599 urbs
298 1541 440 1612 Romana,
463 1538 567 1600 deinde
583 1541 662 1600 velut
676 1559 711 1600 ex
727 1541 898 1618 contagione
915 1548 1007 1600 castra
1021 1535 1222 1618 impleantur?
1245 1547 1275 1599 at

211 1625 329 1685 hercule
343 1625 421 1702 apud
438 1624 529 1684 hostis
546 1631 624 1685 tanta
638 1624 779 1685 modestia
796 1634 847 1700 est,
863 1634 971 1686 utnon
988 1624 1148 1685 obsidionis
1164 1623 1274 1696 taedio,

210 1728 273 1771 non
288 1710 413 1788 denique
429 1711 511 1788 regui
526 1711 682 1788 quicquam
698 1710 776 1789 apud
793 1729 843 1770 eos
857 1718 997 1770 novatum
1013 1710 1065 1783 sit,
1087 1727 1149 1769 non
1168 1717 1274 1788 negata

165 1803 196 1855 13
211 1796 315 1856 auxilia
329 1794 365 1854 ab
375 1795 504 1855 Etruscis
519 1795 700 1855 inritaverint
714 1795 844 1856 animos:
861 1795 1003 1855 morietur
1020 1795 1098 1854 enim
1114 1794 1272 1872 extemplo,
1373 1867 1374 1880 χ

210 1881 388 1959 quicumque
403 1880 457 1954 erit
474 1880 624 1940 seditionis
645 1888 760 1954 auctor,
782 1899 837 1940 uec
853 1881 990 1958 cuiquam
1006 1880 1102 1940 dicero
1117 1898 1149 1939 ea
1165 1879 1276 1952 licebit,

162 1975 195 2027 14
211 1985 284 2043 quae
300 1965 377 2043 apud
392 1983 445 2024 vos
459 1965 571 2044 inpune
593 1965 739 2026 dicuntur.
769 1965 944 2026 fustuarium
961 1966 1103 2037 meretur,
1123 1965 1174 2043 qui
1188 1965 1275 2043 signa

208 2131 254 2184 aul
268 2142 352 2184 ceteros
371 2129 498 2196 populos),
522 2149 585 2196 ganz
603 2134 691 2183 anders
713 2133 838 2197 gestnlten
855 2133 933 2194 wird,
955 2131 982 2197 je
1007 2133 1124 2183 nachdem
1146 2131 1172 2180 in
1189 2129 1274 2196 Folgo
1373 2167 1374 2206 ,

208 2216 310 2252 unscres
331 2198 483 2252 Verlahraus
500 2216 547 2250 vor
558 2200 618 2264 Veji
635 2202 674 2252 die
693 2201 878 2252 benuchburten
892 2201 988 2252 Vo'lker
1005 2204 1133 2252 cntwedcr
1150 2199 1270 2263 glauben,

208 2271 315 2320 dass-
336 2269 395 2320 oder
411 2285 456 2319 uns
474 2285 501 2320 so
519 2268 632 2321 birchten
650 2285 762 2321 usu.—
780 2281 908 2322 utrum—
920 2289 953 2320 uu
975 2277 1023 2320 etc.
1040 2269 1096 2320 siud
1124 2267 1179 2319 eino
1203 2268 1270 2318 woi-

207 2346 261 2390 tere
279 2337 438 2401 Ausfuhrung
457 2353 506 2388 von
525 2356 553 2390 eu
569 2343 613 2390 tao
631 2356 671 2398 rc,
694 2339 743 2388 wie
761 2337 777 2404 ᾖ
798 2343 878 2390 buon
899 2341 968 2391 Veios
986 2345 1034 2389 etc.
1053 2355 1102 2389 von
1125 2341 1189 2399 hoec,
1217 2337 1272 2386 und

208 2407 310 2458 deshalb
329 2407 397 2456 nicht
421 2422 471 2456 von
494 2411 620 2459 disortium
644 2418 784 2459 secuturum
807 2403 931 2472 abhiingig
954 2409 1081 2472 gemacht,
1105 2406 1136 2456 du
1159 2405 1196 2456 sie
1222 2421 1272 2455 nur

208 2476 247 2527 die
259 2476 435 2539 bedingungen
453 2477 590 2542 enthalten,
608 2483 682 2526 untor
699 2477 776 2526 denen
791 2475 829 2525 die
842 2476 1062 2527 Verschiedenhcit
1074 2476 1118 2526 der
1129 2467 1271 2524 Ansichten'

208 2546 261 2596 sich
278 2545 360 2594 bildon
381 2545 534 2594 1ιιιιιιιιιι.-
552 2549 635 2596 deiude
658 2545 756 2594 bozieht
779 2544 832 2594 sich
854 2544 923 2594 nicht
946 2546 1025 2595 sowol
1051 2542 1097 2595 uuf
1116 2543 1198 2594 eials
1160 2540 1274 2592 alsanl

211 2619 330 2675 primum:
353 2615 426 2674 daun,
445 2627 518 2662 wenn
536 2613 579 2663 das
598 2614 751 2678 eingetroten
769 2612 857 2663 ist.-
874 2625 900 2664 ut
912 2617 997 2677 possit,
1016 2614 1070 2663 dein
1083 2613 1198 2674 vorhcrg
1217 2627 1270 2672 pu-

207 2692 255 2732 tuut
272 2681 460 2746 entsprechcnd,
483 2687 527 2730 st:
551 2692 578 2732 ut
599 2685 746 2746 intelligutur
763 2709 794 2716 —
813 2699 862 2732 nou
884 2698 959 2744 posco,
981 2687 1002 2744 1,
1022 2685 1061 2744 11,
1080 2685 1109 2743 ις
1136 2682 1159 2743 3,
1180 2681 1222 2741 35,
1239 2682 1271 2732 6:

209 2753 329 2814 sore.—
347 2766 433 2800 ueo—
446 2766 487 2798 ueo
504 2750 619 2800 scheincu
637 2749 901 2816 asyudotischuou-
913 2750 1155 2815 uougegeniiberzu
1169 2749 1268 2799 stohon.

208 2898 238 2935 zu
256 2834 301 2934 <loll
319 2816 1098 2964 Froqgegagelsrb'lrleblllbudtelbdbllbgrldbb’rnlllllglnlnbblbjjgetcetuvbb
1108 2817 1271 2952 nqql'rqtmlqllqu

207 2959 304 3006 mouerit
321 2953 355 3004 ist
372 2953 423 3002 wel
440 2953 510 3003 nicht
526 2961 647 3020 euerritur,
666 2957 772 3006 sondern
791 2973 876 3006 uomeu
892 2960 958 3008 Rom.
982 2956 1041 3006 oder
1060 2960 1165 3018 populus
1182 2959 1213 3006 h.
1233 2981 1269 2992 ——

207 3027 334 3086 impetu-
345 3039 443 3084 persev,
464 3020 554 3074 lroiere
572 3022 631 3075 abll
646 3024 770 3074 modb—
737 3041 892 3088 —quurum
903 3029 949 3086 pt,
968 3027 1041 3088 cib,
1054 3027 1074 3076 1.
1084 3052 1118 3062 —
1130 3026 1199 3088 same
1218 3027 1270 3087 sit,

207 3108 257 3143 von
275 3091 455 3155 Hungersnoth,
475 3091 513 3141 die
533 3093 571 3142 bei
589 3092 658 3142 einer
675 3108 703 3142 so
722 3093 812 3157 langon
829 3093 1008 3160 Relagcrung
1000 3108 1026 3142 ιιι
1038 3092 1097 3156 Voji
1113 3094 1186 3143 ιιιιιιι
1206 3107 1270 3143 aus-

207 3161 315 3211 broohen
332 3162 437 3221 uriisseu,
457 3159 492 3209 ist
509 3159 534 3214 in
552 3162 596 3210 der
607 3159 753 3225 Erzahlung
764 3158 805 3210 Ls
823 3161 891 3210 nicht
910 3161 950 3211 dre
962 3161 1037 3224 Redc
1066 3162 1116 3225 vgl,
1137 3177 1158 3211 c.
1174 3163 1272 3224 19,11.

278 3231 385 3282 19-12,
403 3231 505 3278 aicut-
473 3233 569 3293 -ua'ci,
589 3229 638 3293 vgl.
653 3233 733 3293 ιι.5,
725 3247 748 3281 ιε
771 3247 814 3281 uec
832 3233 879 3292 ιιιιι
876 3234 940 3280 '.etc
957 3230 1037 3280 bildet
1053 3230 1099 3280 den
1116 3229 1272 3295 Ucberguug

208 3313 263 3346 zum
288 3299 381 3348 letzten
410 3295 497 3346 Theilc
524 3299 567 3348 ιιι
589 3297 669 3363 Rode,
698 3299 742 3348 der
764 3301 808 3348 das
832 3297 986 3362 gefdhrlichc
1008 3297 1116 3348 Trciben
1140 3298 1184 3348 der
1205 3299 1270 3348 Τιι-

207 3365 287 3416 bunen
305 3365 425 3415 schildert
441 3366 491 3414 und
510 3383 537 3416 so
555 3366 600 3416 aul
615 3383 635 3416 o.
658 3370 681 3431 3,
701 3367 752 3419 rff.
771 3367 930 3430 zuriickgeht.
949 3395 982 3403 -
1000 3377 1069 3429 optat.
1092 3367 1161 3417 steht
1188 3370 1271 3424 naeh-

208 3434 335 3484 driielrlich
356 3449 402 3483 vor
419 3451 496 3498 aequo,
517 3438 541 3498 3,
561 3438 601 3501 38,
620 3439 649 3499 c,
667 3452 712 3486 zur
730 3435 809 3486 Sache
827 3435 886 3484 Tac.
898 3435 926 3485 H.
941 3438 964 3498 1,
975 3437 1014 3488 83.
1033 3454 1061 3486 eu
1078 3445 1146 3498 oout,
1167 3438 1192 3498 9,
1204 3439 1229 3494 1,
1242 3441 1270 3498 6,

207 3503 258 3566 vgl.
279 3519 299 3553 c.
316 3504 355 3565 12,
370 3506 384 3554 7
392 3521 399 3564 3
417 3504 459 3564 42,
472 3507 528 3566 5,1.
545 3514 571 3555 ot
581 3508 652 3567 beru,
666 3504 755 3555 ehenso
765 3504 790 3553 in
800 3503 868 3554 einer
877 3502 943 3554 Rode
954 3507 977 3566 3,
990 3506 1032 3570 58,
1041 3507 1064 3565 6,
1083 3504 1133 3568 vgl.
1145 3520 1167 3554 c.
1179 3509 1203 3565 4,
1221 3508 1271 3568 19;

208 3571 364 3634 gewb'hnlioh
381 3576 437 3634 sagt
457 3570 484 3620 L.
503 3583 528 3632 ut
544 3576 642 3624 hercule.
663 3601 696 3608 -
713 3576 832 3636 modestia,
860 3572 893 3620 im
914 3571 1066 3636 Gegensatze
1083 3589 1114 3623 zu
1130 3576 1269 3638 seditiones,

207 3639 409 3703 gesctzmiissiges
426 3639 526 3703 rubigus
546 3641 692 3706 Verbalten,
714 3645 739 3706 4,
758 3643 799 3704 52,
821 3643 843 3706 1,
867 3669 899 3678 -
923 3658 971 3691 uon
990 3668 1024 3677 -—
1043 3646 1124 3706 requi,
1148 3657 1196 3691 von
1218 3643 1270 3694 den
1372 3655 1374 3674 ¹

206 3707 309 3770 iibrigen
323 3707 460 3758 Etruskern
478 3707 523 3758 auf
538 3709 711 3772 dichjcnter
726 3710 908 3773 iibergetrageu
928 3725 950 3762 e.
966 3713 989 3776 1,
1003 3711 1076 3762 3.-
1042 3728 1142 3761 -uou
1155 3715 1269 3776 deusque,

204 3778 230 3836 4
223 3777 381 3895 5614ἑ115.
399 3848 567 3909 fustuarium,
594 3861 665 3896 neon
691 3845 809 3896 Solduten
831 3846 981 3898 desertirtcn
1004 3847 1063 3898 odor
1086 3847 1155 3898 ihren
1172 3831 1270 3898 Posten
