2764 4208
201 194 263 258 242
572 191 727 244 11111111.
764 190 833 243 car.
850 197 894 248 11.
1150 193 1271 235 ..1.111,

204 350 302 422 valuit,
317 347 398 428 quin,
413 366 542 426 quorum
558 354 654 426 patres
670 364 800 425 avosque
816 348 953 408 eonsules
965 347 1107 422 uiderant,
1119 368 1170 410 eos
1187 350 1275 410 nobi--

175 435 281 494 olitate
296 437 487 512 praeferrent.
519 435 618 492 furere
636 451 741 493 omnes
756 432 867 492 tribuni
881 432 967 510 plebi,
983 442 1050 494 ante
1065 453 1170 496 omnes
1183 435 1273 496 Pom-

175 521 292 600 4pilius
315 519 516 597 Antistiusque
536 518 654 596 repulsa
685 535 809 578 snorum
837 519 966 578 accensi:
1001 520 1143 596 quidnam
1174 520 1204 581 id
1232 522 1274 582 rei

152 631 157 644 r
206 601 308 666 esset?
331 622 393 664 non
416 603 475 664 suis
498 602 663 674 beneficiis,
685 621 747 664 non
768 610 886 680 patrum
908 603 1039 676 iniuriis,
1061 623 1124 664 non
1147 606 1273 682 denique

205 689 368 768 usurpandi
384 688 513 761 libidine,
536 706 603 747 cnm
625 687 717 762 liceat,
741 688 819 765 quod
843 695 909 748 ante
931 707 993 748 non
1014 689 1144 762 licuerit,
1166 691 1191 752 si
1213 709 1272 750 non

204 775 357 836 tribunum
373 775 537 847 militarem,
552 791 590 832 ne
605 781 795 850 quaestorum
813 774 931 851 quidem
942 791 1123 853 quemquam
1139 794 1175 835 ex
1191 775 1272 854 plebe

175 857 338 925 eloctum?
354 877 415 919 non
436 859 560 919 valuisse
582 859 672 936 patris
692 876 747 937 pro
769 858 838 930 lilio,
861 859 958 920 fratris
980 878 1035 937 pro
1055 863 1145 920 fratre
1160 879 1272 939 preces,

204 946 392 1006 tribunorum
407 943 509 1022 plebis,
525 944 675 1021 potestatis
691 952 901 1016 sacrosanctae,
920 945 956 1004 ad
974 945 1116 1006 auxilium
1131 943 1270 1006 libertatis
1353 1001 1354 1006 ,

204 1040 324 1092 creatae.
368 1029 502 1088 fraudem
521 1030 654 1106 profecto
670 1028 700 1088 in
717 1047 750 1088 re
765 1047 836 1102 esse,
860 1038 889 1089 et
901 1030 935 1088 Α.
952 1030 1162 1108 Sempronium
1178 1031 1272 1091 comi·
1352 1101 1354 1108 Α

203 1118 250 1178 tiis
272 1117 338 1195 plus
360 1114 429 1174 artis
451 1112 619 1174 adhibuisse
641 1131 729 1190 quam
753 1114 827 1174 lidei.
872 1115 934 1176 eius
964 1115 1071 1176 iniuria
1093 1115 1178 1193 queri
1199 1134 1268 1175 suos
1353 1127 1354 1130 ’

175 1203 320 1261 dhonon-e
334 1199 470 1258 deiectos
512 1199 610 1276 itaque
630 1217 699 1257 cum
719 1199 750 1258 in
775 1198 873 1277 ipsum
897 1206 926 1260 et
948 1200 1116 1260 innocentia
1135 1208 1231 1260 tubam
1246 1209 1276 1260 et

207 1285 392 1364 magistratu,
413 1283 444 1342 in
462 1300 521 1360 quo
544 1293 616 1343 tunc
630 1291 706 1356 erat,
728 1285 856 1362 impetus
872 1283 936 1345 fieri
951 1302 1013 1345 non
1028 1295 1143 1362 posset,
1167 1285 1273 1345 llexere

204 1372 263 1430 iras
279 1370 310 1428 in
326 1369 355 1429 C.
372 1367 589 1445 Sempronium,
606 1369 766 1445 patruelem
782 1368 914 1441 Atratini,
929 1371 1014 1447 eique
1030 1370 1068 1431 oh
1082 1370 1271 1449 ignominiam

176 1474 190 1521 7
204 1455 300 1515 Volsci
315 1454 382 1514 belli
397 1453 529 1514 adiutore
555 1453 663 1532 collega
679 1454 716 1512 M.
731 1453 867 1514 Canuleio
893 1453 970 1515 diem
994 1455 1104 1515 dixere.
1148 1455 1272 1515 subinde

205 1540 240 1599 ab
256 1540 351 1600 isdem
367 1538 492 1598 tribunis
509 1538 619 1598 mentio
633 1539 665 1597 in
683 1547 785 1599 senatu
803 1539 838 1598 de
853 1540 928 1616 agris
938 1539 1102 1600 dividendis
1118 1540 1205 1600 inlata
1221 1548 1273 1610 est,

205 1625 252 1684 cni
267 1624 374 1686 actioni
396 1642 514 1702 semper
541 1623 682 1684 acerrime
697 1623 731 1692 C,
744 1624 937 1701 Sempronius
955 1626 1114 1697 restiterat,
1137 1625 1221 1696 ratis,
1243 1624 1270 1684 id

205 1710 384 1788 quoderat,
416 1718 466 1769 aut
493 1708 624 1786 deposita
651 1726 738 1769 causa
757 1709 898 1768 leviorem
920 1712 1055 1770 laturum
1075 1709 1152 1788 apud
1175 1717 1271 1788 patres

205 1813 299 1868 reum,
318 1804 367 1855 aut
381 1803 616 1872 perseverantem
633 1794 688 1853 sub
703 1789 802 1854 iudicii
817 1803 935 1872 tempus
949 1795 1066 1872 plebem
1078 1796 1272 1855 offensurum.

176 1881 343 1949 sadversae
357 1879 483 1939 invidiae
499 1871 575 1938 obici
598 1879 698 1939 maluit
720 1886 749 1939 et
770 1897 841 1939 suae
862 1897 970 1940 nocere
992 1898 1095 1940 causae
1110 1897 1197 1957 quam
1215 1897 1270 1958 pu-

175 1990 191 2038 9
205 1965 294 2026 blioae
311 1965 427 2036 deesse3
443 1963 578 2041 stetitque
592 1963 623 2022 in
638 1964 739 2024 eadem
756 1966 914 2036 sententia,
935 1983 973 2025 ne
989 1983 1046 2043 qua
1061 1965 1184 2044 largitio,
1208 1983 1270 2024 oes-

205 2068 274 2111 sura
289 2051 321 2110 in
335 2049 424 2114 trium
440 2049 560 2126 gratiam
575 2047 772 2121 tribunorum,
788 2049 884 2110 fieret:
907 2067 961 2111 nec
980 2058 1044 2110 tum
1067 2067 1172 2128 agrum
1186 2049 1272 2128 plebi,

203 2303 369 2348 1111111111-
388 2286 547 2346 responderet.
565 2310 600 2318 —
618 2287 736 2346 viderant,
756 2300 820 2347 1111111,
849 2285 889 2335 die
911 2285 1079 2351 Wiihlenden‚
1099 2301 1120 2337 e.
1142 2288 1181 2351 16,
1200 2287 1229 2348 8;
1250 2287 1271 2347 1,

204 2357 245 2417 38,
264 2358 279 2407 6
298 2371 320 2404 u.
339 2369 371 2416 a,
390 2351 441 2417 vgl.
461 2353 485 2414 3,
507 2353 548 2414 30,
569 2353 595 2404 6:
615 2356 731 2403 uiderent.
749 2381 783 2389 -
803 2357 904 2417 noenu,
927 2369 1027 2418 wegen3
1053 2355 1098 2404 der
1117 2354 1215 2418 Begrili
1230 2355 1272 2404 der

203 2427 324 2485 nobilitas,
344 2423 388 2472 der
406 2423 451 2471 der
468 2421 585 2486 spiteren
604 2419 669 2482 Zeit,
684 2421 721 2470 ist
742 2423 819 2471 durch
834 2433 916 2484 patrer
935 2450 969 2459 -
987 2427 1062 2474 older.
1081 2423 1201 2486 gegeben.
1229 2423 1271 2472 Die

203 2492 315 2557 Qu'astur
331 2506 386 2540 war
404 2491 503 2556 spiiter,
531 2489 581 2552 vgl.
601 2491 625 2549 3,
643 2493 684 2554 25,
705 2492 735 2551 3,
753 2491 797 2540 das
817 2497 885 2541 erste
903 2491 976 2556 Ami,
994 2507 1034 2542 um
1058 2491 1102 2542 das
1123 2491 1177 2541 siolr
1196 2489 1272 2555 jungo

272 2657 348 2705 4-5.
365 2656 403 2702 rei
418 2661 483 2715 erret,
503 2650 559 2700 eine
576 2650 709 2700 wirlrliohe
727 2650 817 2715 Frage,
837 2651 877 2701 die
894 2651 1022 2702 Tribunos
1039 2652 1137 2702 lriinnon
1157 2652 1214 2702 sich
1235 2651 1272 2702 die

203 2721 282 2772 Saehe
301 2721 370 2769 nicht
388 2719 519 2769 erlrliiron:
549 2734 605 2768 man
632 2721 702 2783 mbge
720 2735 812 2784 sagon,
840 2735 893 2770 was
917 2722 960 2770 des
980 2721 1103 2771 bedeuten
1129 2721 1203 2771 sollo.
1238 2720 1270 2770 lm

202 2789 273 2853 Folg.
290 2806 339 2838 non
358 2816 392 2824 -
403 2792 502 2854 faetmn
520 2787 666 2838 bezeichnet
684 2788 725 2838 die
742 2787 825 2852 Frage
844 2790 891 2838 den
909 2788 1047 2840 Unwillen:
1078 2789 1131 2839 also
1152 2789 1186 2838 ist
1205 2790 1271 2839 nicht

202 2858 293 2908 einmal
308 2872 374 2907 usw.
400 2861 424 2906 111·
450 2874 499 2906 non
525 2883 560 2892 -
586 2873 616 2905 ne
639 2883 672 2892 -
701 2861 781 2922 quid„
812 2857 864 2920 vgl.
882 2859 924 2920 22,
947 2861 986 2921 14,
1006 2863 1035 2908 41
1061 2876 1104 2910 nee
1129 2862 1153 2908 ai
1178 2863 1271 2910 nullius

202 2930 355 2976 1111111111-
373 2943 404 2976 ne
421 2929 507 2976 civium
524 2927 636 2987 quidem
663 2925 709 2988 32,
729 2927 774 2985 20,
796 2929 820 2977 5.
841 2953 876 2963 -
895 2943 989 2990 usurp,
1016 2941 1035 2975 S.
1061 2928 1090 2990 3,
1115 2929 1161 2990 11,
1189 2931 1213 2978 7.
1237 2953 1269 2962 -

196 3012 288 3058 precer,
307 2993 356 3044 wie
378 2994 421 3043 das
440 2993 551 3044 Verbum
569 2993 714 3056 construirt,
735 2998 757 3054 5,
778 2996 817 3056 18,
839 2998 862 3046 b.
877 3023 911 3030 —
924 2998 1054 3061 potestatis,
1074 2995 1125 3059 vgl.
1146 2999 1167 3060 1,
1188 2998 1228 3058 20,
1247 2997 1270 3045 3.

201 3091 232 3101 -
244 3067 377 3130 fraudem,
407 3064 451 3112 der
470 3062 635 3113 Vorsitzendo
652 3063 724 3112 hatte
743 3078 844 3127 grossen
864 3062 972 3114 Einlluss
990 3061 1035 3112 anf
1048 3063 1087 3113 die
1107 3063 1201 3126 Wabl,
1228 3065 1269 3124 22,

202 3135 244 3195 35,
264 3137 292 3196 ²3
311 3132 366 3182 hier
385 3131 451 3181 wird
470 3132 523 3180 dem
540 3130 698 3195 Sempronius
716 3131 861 3196 Fiilschung
884 3133 928 3182 dor
948 3132 1066 3182 Stimmen
1086 3129 1271 3196 vorgeworsen,

201 3203 282 3263 c..25,
304 3203 342 3253 12.
363 3229 394 3236 -
410 3204 514 3264 1111211111,
535 3201 559 3262 3,
579 3203 620 3263 ³5,
641 3202 665 3252 9.

271 3297 347 3347 6-9,
365 3298 481 3360 magistr,
500 3293 540 3343 die
557 3291 670 3358 Anklage
689 3295 735 3344 der
751 3295 872 3344 hochsten
884 3294 1002 3344 Beamten
1022 3293 1115 3343 konnte
1136 3299 1189 3342 erst
1206 3292 1269 3340 nach

203 3362 299 3413 hblauf
316 3363 384 3412 ihres
403 3362 561 3425 Amtsjabres
581 3359 706 3425 crsolgen3
725 3361 859 3412 Mommsen
877 3361 928 3414 Str.
955 3368 975 3426 l,
995 3364 1042 3424 913
1061 3364 1119 3414 234.
1132 3389 1166 3397 -
1178 3364 1269 3420 Atrat,

201 3428 217 3494 ξ
234 3433 255 3483 1.
274 3459 308 3466 -
327 3435 425 3482 adiutor
444 3454 478 3472 =
495 3433 652 3493 mbecriptor,
681 3446 709 3480 er
732 3430 905 3481 unterschriob
925 3431 965 3481 die
982 3430 1097 3494 Anklago
1116 3431 1166 3480 und
1182 3435 1268 3479 unter-

200 3500 295 3549 stiitzte
314 3501 361 3549 don
380 3499 592 3565 llauptanlrl'dger.
604 3498 694 3548 —Dio
711 3499 799 3549 beiden
816 3498 943 3550 Tribunen
957 3500 1061 3549 nahmen
1080 3499 1120 3549 die
1138 3514 1187 3548 von
1204 3497 1268 3546 llor-

198 3568 293 3618 tensius
312 3566 482 3632 aulgcgehene
500 3565 594 3631 lilage,
624 3583 645 3618 c.
667 3571 715 3630 42,
742 3567 767 3615 in
786 3568 896 3618 welcber
912 3567 953 3618 ein
972 3567 1181 3620 Volksbeschluss
1207 3566 1268 3615 noch

198 3637 268 3690 nieht
285 3634 381 3700 geinsst
401 3651 463 3698 war,
483 3635 577 3686 wieder
594 3633 645 3685 auf.
663 3663 697 3672 -
715 3646 787 3687 ment.
805 3640 860 3699 inl,
879 3635 928 3686 wie
946 3651 968 3686 c.
990 3639 1013 3698 8,
1032 3639 1067 3702 4;
1084 3636 1125 3686 die
1142 3635 1266 3686 Tribunen

198 3704 359 3755 reranlassen
384 3704 429 3754 den
450 3703 640 3766 Vorsitzondon,
659 3704 700 3754 dio
718 3704 797 3754 Sacbe
816 3721 861 3755 zur
878 3705 1022 3769 Beruthung
1040 3721 1070 3754 zu
1085 3704 1200 3768 bringeri,
1220 3700 1266 3750 wie

197 3787 218 3818 c.
243 3774 281 3833 12,
301 3776 324 3824 4.
343 3799 376 3807 -
394 3776 495 3834 acrabbi,
522 3787 542 3822 c.
564 3775 611 3834 36,
631 3775 654 3824 2.
677 3777 790 3824 adversae
815 3797 847 3814 =
873 3777 1067 3825 mosariorum
1087 3775 1151 3823 ohne
1169 3775 1215 3823 aad.
1232 3794 1265 3806 -·

196 3841 243 3888 ribi
260 3845 352 3903 quaeri,
372 3842 413 3903 25,
435 3843 459 3902 b,
481 3843 519 3893 11.
531 3858 617 3892 -nee
633 3850 691 3906 tum,
705 3839 899 3906 jetztnimlich,
921 3842 999 3905 nicht,
1017 3843 1067 3892 wie
1085 3856 1112 3892 es
1130 3846 1200 3892 sonst
1216 3837 1266 3887 wel

202 2561 308 2612 1113111111·
326 2561 371 2610 dar
388 2558 514 2609 Nobilitiit
534 2558 675 2608 bewarhen.
