2670 4220
125 250 148 277 a.
162 236 202 278 cn.
215 234 261 277 450.
278 238 323 278 aaa.
482 257 484 261 ,
506 221 600 272 LIBER
617 221 658 276 ΙΙΙ,
694 221 764 273 CAP.
784 226 824 276 38.
1159 225 1198 290 81

126 395 182 455 pro
201 375 374 436 decemviris
389 394 486 454 neque
501 377 606 436 animis
621 377 656 436 ad
668 378 826 455 imperium
842 377 1036 438 inhibendum
1046 379 1199 441 inminutis

124 478 224 540 neque
243 460 280 520 ad
298 461 426 538 speciem
441 461 563 520 honoris
580 461 746 540 insignibus
761 463 918 540 prodeunt.
940 464 969 524 id
985 483 1055 524 vero
1071 483 1197 544 regnum

105 545 203 605 *haud
223 545 312 604 dubie
326 545 428 606 videri.
452 546 620 624 deploratur
636 547 667 606 in
684 556 861 624 perpetuum
877 548 1002 622 libertas,
1018 568 1074 609 nec
1088 551 1196 610 vindex
1212 561 1226 608 2

124 631 286 708 quisquam
305 631 400 690 existit
416 638 467 690 aut
481 633 600 691 futurus
615 632 739 692 videtur.
770 650 826 692 nec
841 633 898 710 ipsi
915 633 1012 692 solum
1027 635 1196 713 desponde-

124 723 194 776 rant
213 715 338 787 animos,
361 715 411 775 sed
435 717 585 776 contemni
609 717 704 795 coepti
720 726 802 777 erant
816 737 831 778 a
846 717 976 777 finitimis
990 721 1117 796 populis,
1139 721 1196 779 im-

124 800 304 878 periumque
318 799 359 860 ibi
374 819 446 872 esse,
461 800 513 860 ubi
528 819 589 860 non
607 809 682 861 esset
694 800 820 874 libertas,
834 801 1071 880 indignabantur.
1099 804 1197 864 Sabini
1212 812 1226 862 3

126 902 233 962 magna
256 902 346 944 manu
367 885 567 946 incursionem
591 887 623 946 in
645 905 749 964 agrum
765 887 934 947 Romanum
950 890 1062 959 fecere3
1083 889 1198 966 lateque

125 969 259 1048 populati
280 987 347 1029 cum
367 969 522 1030 bominum
545 979 631 1048 atque
651 972 799 1049 pecudum
821 971 905 1032 inulti
922 972 1043 1050 praedas
1062 973 1197 1050 egissent,

125 1062 246 1132 recepto
268 1054 304 1114 ad
325 1054 455 1128 Eretum,
485 1057 565 1132 quod
587 1057 697 1134 passim
719 1065 851 1135 vagatum
875 1065 944 1133 erat,
967 1057 1083 1136 agmine
1106 1065 1198 1116 eastra

124 1139 233 1212 locant,
248 1157 331 1216 spem
346 1140 377 1198 in
390 1139 535 1200 discordia
549 1141 682 1201 Romana
698 1150 858 1220 ponentes3
882 1161 945 1202 eam
962 1143 1198 1220 inpedimentum

123 1221 245 1283 dilectui
267 1226 340 1282 fore.
375 1242 436 1283 non
459 1225 554 1284 nuntii
574 1225 671 1286 solum
692 1226 743 1285 sed
763 1245 816 1306 per
837 1227 942 1287 urbem
957 1228 1114 1306 agrestium
1130 1230 1228 1304 sugat

125 1308 351 1386 trepidationem
366 1309 473 1370 iniecit.
510 1310 667 1373 decemviri
682 1312 855 1384 consultant,
878 1312 949 1390 quid
968 1329 1044 1390 opus
1060 1315 1136 1372 iacto
1152 1313 1197 1385 sit,

123 1393 257 1453 destituti
285 1393 361 1453 inter
389 1401 506 1471 patrum
528 1403 556 1454 et
577 1395 676 1472 plebis¹
693 1396 768 1456 odia.
809 1396 889 1456 addit
908 1405 1054 1457 terrorem
1075 1397 1198 1476 insuper

126 1478 217 1538 alium
239 1480 367 1538 fortuna.
398 1479 493 1557 Aequi
511 1480 566 1540 alia
588 1499 624 1538 ex
639 1488 721 1558 parte
736 1488 828 1541 eastra
851 1480 881 1541 in
898 1482 1002 1560 Algido
1023 1483 1122 1542 locant
1142 1482 1226 1542 de-5

126 1563 366 1641 poprdanturque
382 1563 450 1623 inde
464 1564 688 1625 excursionibus
704 1566 904 1626 Tusculanum
920 1585 1033 1645 agrum.
1064 1567 1149 1644 legati
1163 1586 1196 1627 ea

122 1647 162 1706 ab
175 1639 303 1707 Tusculi
314 1648 492 1725 praesidium
505 1657 622 1709 orantes
632 1651 777 1710 nuntiant
799 1651 824 1711 is
834 1670 927 1729 pavor
938 1651 1066 1729 perpulit
1077 1651 1195 1710 decem·
1210 1659 1226 1708 6

127 1732 225 1806 uiros,
248 1741 281 1792 ut
300 1741 434 1796 senatum
457 1733 546 1794 simul
567 1733 684 1794 duobus
707 1734 965 1795 circumstantibus
986 1735 1092 1794 urbem
1114 1734 1196 1794 bellis

124 1818 324 1877 consulerent.
361 1818 441 1878 citari
455 1818 559 1879 iubent
573 1819 603 1878 in
619 1820 729 1879 curiam
744 1827 850 1899 patres,
872 1820 950 1880 haud
966 1819 1068 1897 ignari,
1089 1827 1197 1897 quanta

126 1902 252 1962 invidiae
274 1902 431 1964 inmineret
448 1911 621 1982 tempestas:
648 1922 752 1965 omnes
775 1905 874 1965 vastati
895 1905 955 1982 agri
978 1904 1226 1981 periculorum-⁷

127 2103 220 2152 zuriick
238 2102 280 2165 ist,
301 2119 322 2157 s.
341 2102 474 2155 Mommsen
493 2103 583 2155 Chron.
603 2109 665 2170 1193
699 2101 739 2160 80.
758 2135 791 2142 -
811 2109 951 2172 andreuccio,
970 2107 1059 2158 anders
1078 2110 1103 2172 2,
1122 2110 1145 2168 7,
1165 2111 1196 2170 63

127 2173 240 2236 dagegen
257 2170 308 2221 Cic.
326 2169 386 2238 Rep.
407 2174 431 2236 2,
450 2175 503 2227 372¹
516 2190 569 2224 uem
586 2177 647 2225 idem
664 2173 810 2239 (decemuiri)
827 2186 910 2240 esseut,
930 2193 972 2225 nee
990 2180 1050 2226 aliea
1067 2179 1198 2240 subrogare

125 2243 262 2290 noluissent.
278 2265 310 2276 -·
322 2244 423 2305 priuati,
446 2243 460 2302 ξ
482 2243 523 2304 133
545 2257 566 2293 c.
584 2245 625 2304 49,
650 2245 687 2294 12.
706 2271 740 2278 -
758 2245 927 2295 inhibendum:
950 2244 1109 2305 handhaben‚
1131 2246 1145 2303 ξ
1167 2247 1196 2294 7:

126 2309 276 2358 bandbaban
294 2323 381 2373 gagen,
402 2308 485 2359 iiihleo
506 2309 597 2359 lassen.
616 2335 645 2346 -
663 2315 696 2360 ad
711 2311 745 2360 ist
757 2311 806 2360 wie
819 2313 882 2359 nach
895 2315 1059 2372 impedeminto
1072 2329 1121 2360 aare
1134 2328 1157 2359 ιι.
1172 2313 1196 2360 a.

124 2377 278 2440 gebraucht‚
302 2393 321 2426 s.
340 2380 364 2441 4,
387 2381 426 2438 13,
447 2379 470 2429 2.
508 2381 637 2428 inminutis
655 2379 753 2441 “gehdrt
776 2393 806 2427 ιιι
826 2382 914 2428 animia
934 2379 982 2426 und
1001 2394 1032 2427 zu
1051 2381 1196 2428 nonoribus:

125 2446 212 2494 weder
229 2445 271 2494 ibr
291 2445 363 2495 Mntb
379 2461 435 2495 war
453 2446 604 2512 verriogert,
631 2445 686 2496 ihre
705 2445 805 2513 Gcwalt
823 2461 894 2510 usna,
914 2446 978 2494 noch
996 2445 1035 2496 die
1054 2445 1196 2495 Abzoichen

124 2514 194 2563 ibres
218 2511 304 2564 Amtes
332 2512 358 2562 in
383 2513 519 2564 Riicksicht
542 2513 598 2578 auf,
627 2513 669 2564 liir
695 2514 735 2564 die
758 2515 860 2564 iussere
878 2513 1039 2577 Darstellung
1057 2513 1198 2578 darselben,

125 2599 145 2633 s.
164 2597 185 2630 c.
203 2583 245 2644 36,
264 2585 287 2633 3.
305 2609 346 2630 -.
355 2586 383 2632 id
401 2599 456 2638 uero
480 2589 537 2646 oto„
564 2583 608 2633 der
631 2582 759 2646 j'ahrliche
778 2582 899 2634 Weebsel
923 2584 967 2631 der
991 2580 1140 2644 Magistrate
1163 2581 1198 2630 ist

126 2650 222 2714 gerade
248 2650 293 2700 der
316 2648 458 2713 Gegcnsatz
481 2652 525 2700 des
551 2667 664 2716 regnum,
690 2667 710 2701 s.
729 2667 750 2702 e.
770 2653 811 2713 39,
832 2653 862 2717 83
894 2653 918 2712 2,
941 2653 963 2713 1,
983 2653 1007 2714 1,
1034 2650 1083 2698 nod
1113 2648 1197 2700 diesen

124 2719 208 2768 baben
227 2717 264 2768 sie
280 2716 443 2782 autgehoben.
602 2725 607 2736 ¹

198 2788 273 2838 2—3.
298 2790 445 2850 deploratur,
464 2802 520 2836 man
538 2785 696 2838 verzweiielt
716 2803 747 2837 an
765 2787 904 2847 dorselbma,
925 2786 994 2851 giebt
1006 2787 1047 2837 sie
1058 2783 1099 2836 i'tir
1111 2786 1199 2836 immor

126 2853 260 2917 verioren,
279 2855 328 2904 wie
348 2854 376 2905 L.
394 2853 535 2917 mombech,
554 2855 642 2904 Cicero
662 2857 726 2904 noch
745 2855 813 2905 nicht
831 2856 875 2905 das
893 2855 937 2906 W.
955 2856 1076 2921 braueht3
1107 2855 1198 2906 obenso

125 2923 205 2974 findet
222 2923 277 2972 siob
290 2925 423 2986 praeserere
439 2926 453 2985 ξ
475 2928 503 2989 73
529 2927 638 2974 dueum
656 2925 671 2984 ξ
689 2925 718 2987 83
744 2927 887 2984 despondere
902 2927 995 2974 animoa
1016 2923 1087 2973 nicht
1104 2939 1152 2973 vor
1170 2923 1198 2972 Ia

124 2991 154 3041 in
177 2989 271 3054 Prusa,
296 3007 343 3040 nnr
367 2992 408 3042 bei
428 2992 478 3042 ihm
495 2995 654 3042 mirabundus
671 2993 686 3052 5
705 2993 734 3056 83
760 2992 960 3056 ungewbhnlich
986 2991 1021 3041 ist
1044 2995 1134 3043 adolere
1154 2995 1201 3042 aidi

125 3064 295 3124 mapietretum
313 3061 327 3120 §
347 3063 370 3111 t.
390 3087 424 3097 -
441 3064 468 3110 in
485 3069 576 3122 perpet.
599 3058 739 3126 entspricbt
762 3075 783 3109 c.
804 3062 844 3123 36,
864 3064 887 3112 9.
908 3088 941 3096 -
955 3062 1050 3126 sutum,
1074 3061 1134 3111 weil
1158 3061 1198 3109 dio

125 3128 323 3193 entsprecbende
341 3125 415 3177 Form
439 3143 488 3178 von
513 3132 611 3179 entbtere
629 3127 714 3191 wenig
730 3127 909 3192 gebriiuohlicb
926 3128 968 3178 ist.
988 3155 1022 3164 —
1039 3133 1089 3190 ι’ριι·
1108 3129 1135 3177 in
1154 3129 1200 3176 Be-

125 3211 178 3258 zug
197 3195 244 3245 auf
259 3197 304 3245 das
322 3195 348 3245 in
374 3200 514 3258 deploratur
533 3197 701 3260 angadeutetc
719 3195 829 3260 subject.
849 3224 881 3232 -
901 3199 1074 3260 imperiumque
1091 3202 1139 3246 etc,
1157 3210 1200 3244 er-

127 3265 200 3314 kl'airt
226 3265 270 3314 das
289 3263 444 3326 Vorhurgeb.
467 3266 519 3315 und
545 3264 625 3314 bildet
652 3266 699 3314 den
723 3264 869 3329 Uebergaog
894 3280 950 3314 zum
976 3263 1057 3327 Folg„
1085 3261 1200 3326 obgleich

126 3333 190 3383 Rom
221 3332 315 3382 damals
344 3333 414 3383 nicht
438 3333 500 3384 iiber
527 3333 633 3383 Sabinor
656 3333 707 3382 ond
735 3334 833 3397 Aequor
861 3333 1001 3382 herrsehte.
1043 3329 1124 3381 Ueber
1152 3330 1200 3380 den

127 3400 252 3452 Wecbsel
269 3401 314 3451 der
331 3400 448 3465 subjecte
467 3405 489 3465 1,
509 3405 550 3462 50,
568 3405 643 3454 9.-
661 3405 771 3467 Eretum,
788 3416 808 3450 c.
828 3403 869 3453 26.
889 3428 921 3437 -
939 3417 991 3450 eum
1008 3403 1074 3463 imp,
1095 3397 1134 3448 die
1154 3413 1200 3461 go-

128 3469 273 3520 wo'holiche
290 3467 389 3520 Constr.
408 3471 491 3520 wiiro:
524 3473 552 3520 id
567 3474 768 3532 impedimentum,
787 3485 808 3520 c.
830 3473 870 3532 55,
891 3472 916 3531 9,
941 3469 1001 3517 oder
1024 3484 1075 3518 eum
1097 3469 1199 3526 impedi-

125 3548 214 3588 mento.
250 3537 320 3587 Doob
344 3538 461 3588 sublimat
484 3537 537 3588 siah
560 3538 605 3587 das
629 3537 743 3588 Pronom.
767 3537 838 3586 nicht
860 3537 946 3586 immor
971 3551 1002 3584 an
1021 3535 1066 3584 das
1084 3533 1200 3598 folgende

127 3605 226 3656 Nomen
244 3621 284 3672 an,
303 3623 323 3658 s.
342 3609 366 3672 2,
385 3608 426 3670 38,
447 3610 477 3665 bt
495 3610 521 3670 4,
540 3609 581 3668 28,
600 3609 629 3658 5:
647 3623 725 3670 quee;
743 3605 793 3670 ng
811 3621 842 3654 zu
859 3604 918 3655 Tac.
939 3607 962 3667 1,
982 3606 1023 3655 49.

199 3676 275 3726 4-6.
298 3692 345 3737 per
363 3693 396 3742 en,
413 3675 439 3724 in
456 3676 500 3725 der
518 3675 592 3724 stadt
610 3675 662 3740 hin,
680 3671 883 3737 herum,'gobiirt
900 3689 931 3722 zu
942 3673 1024 3736 suem·
1057 3686 1103 3719 zur
1120 3669 1200 3720 Saohe

128 3757 150 3791 s.
169 3757 191 3791 c.
212 3745 237 3804 3,
258 3743 281 3794 2.
299 3769 333 3780 -
355 3747 430 3807 addi,
449 3744 494 3794 der
510 3743 570 3794 Ver.
587 3744 632 3791 hat
649 3746 757 3802 addim
773 3741 853 3792 sowol
872 3740 953 3790 dieses
971 3739 1010 3789 als
1030 3741 1045 3800 ξ
1063 3741 1078 3791 6
1093 3743 1202 3802 perpulit

130 3810 200 3860 kann
220 3815 302 3862 enieeit
318 3814 489 3877 antaproohan
508 3840 542 3849 —
562 3815 660 3873 insuper
678 3816 719 3877 αἱ,
735 3827 756 3862 s.
774 3813 816 3875 22,
835 3811 858 3872 3,
879 3812 918 3861 12.
936 3835 969 3845 ···
987 3812 1037 3860 aliu
1052 3825 1081 3858 ee
1099 3824 1124 3869 p.
1146 3808 1202 3871 (der

132 3877 195 3928 Ver.
213 3880 259 3928 hat
274 3897 303 3930 ee
315 3884 341 3930 ai
355 3896 393 3946 m,
412 3897 432 3931 s.
450 3896 470 3931 ι.
489 3884 530 3941 tt),
551 3883 594 3948 ¹¹5
613 3882 637 3944 4,
658 3883 698 3946 19,
716 3880 756 3947 4);
778 3879 848 3929 einer
866 3878 983 3943 anderen,
1001 3877 1202 3928 verschiedenen.

182 3969 225 4012 ιιι
240 3969 285 4010 mv.
300 3969 327 4009 n.
353 3971 373 4011 4.
387 3971 443 4014 uua.
979 3964 995 4016 6
