2784 4198
941 72 966 100 1

149 192 271 235 909414·
478 195 570 250 LIBER
589 195 632 248 IV.
670 195 738 249 CAP.
759 201 799 251 49.
819 202 859 250 59.

151 350 249 412 malum
264 349 347 410 robis
366 351 501 424 minatur,
523 352 567 432 iis,
590 353 640 430 qui
656 371 742 431 agros
758 353 901 432 sedesque
916 371 949 412 ac
965 356 1100 414 fortunas
1118 353 1206 414 stabi·

149 435 196 496 lire
210 435 318 507 volunt,
333 437 530 514 praeferetis.“

224 520 333 580 Perlata
351 521 421 580 baec
436 540 493 581 vox
508 522 641 582 Postumi
657 521 692 582 ad
708 522 813 582 milites
837 521 928 581 multo
949 521 980 581 in
996 521 1095 583 castris
1112 523 1206 582 maio·
1221 522 1267 586 50

148 622 204 664 rem
224 605 452 684 indignationem
476 608 582 668 movit:
612 607 774 684 praedaene
805 606 1032 683 interceptorem
1054 608 1205 668 fraudato·
1332 669 1333 682 ,

148 706 261 768 remque
282 691 369 751 etiam
394 692 502 752 malum
526 692 631 752 minari
653 687 815 753 militibus?
845 691 943 768 itaque
974 710 1041 750 eum
1070 693 1235 752 fremitust
1332 713 1333 750 1

149 784 237 851 aperte
252 786 337 852 esset,
363 785 391 836 et
406 787 545 854 quaestor
558 775 590 836 P.
608 778 718 838 Sestius
733 778 834 838 eadem
851 776 985 837 violentia
1000 778 1128 836 coerceri
1146 795 1203 855 pu-

148 869 211 920 taret
227 860 400 921 seditionem
420 880 523 939 posse,
549 880 607 940 qna
621 871 702 923 mota
724 869 798 934 erat,
821 861 912 922 misso
936 861 970 921 ad
994 863 1203 922 vociferantem

148 945 284 1020 quendam
300 946 420 1006 militem
435 947 552 1019 lictore,
575 965 642 1007 cum
664 947 732 1008 inde
748 948 858 1008 clamor
873 955 902 1006 et
916 947 1044 1025 iurgium
1060 955 1203 1019 oreretur,

147 1047 209 1088 saxo
224 1031 297 1091 letus
314 1031 401 1092 turba
416 1031 529 1093 excedit
541 1033 850 1112 insuperincrepante,
866 1033 917 1110 qui
924 1032 1135 1101 vulneraverat,
1150 1031 1203 1092 ha·
1218 1046 1235 1096 3

147 1112 208 1174 bere
229 1124 424 1194 quaestorem,
447 1118 528 1195 quod
550 1118 710 1197 imperator
732 1126 808 1178 esset
829 1118 968 1178 militibus
989 1118 1125 1178 minatus.
1168 1116 1236 1182 adt

147 1198 218 1260 huuc
231 1198 390 1262 tumultum
406 1203 514 1262 accitus
527 1203 698 1264 Postumius
714 1204 862 1282 asperiora
884 1203 982 1263 omnia
1006 1203 1074 1263 lecit
1092 1201 1205 1262 acerbis

148 1285 368 1360 quaestionibus
384 1287 551 1348 crudelibus
566 1288 724 1366 suppliciis.
748 1297 908 1366 postremo,
926 1306 992 1348 cum
1009 1288 1131 1348 modum
1146 1288 1206 1347 irae

147 1369 251 1430 nullom
268 1374 385 1448 laceret,
409 1371 444 1432 ad
460 1373 698 1434 vociferationem
714 1391 827 1444 eorum,
850 1391 926 1450 quos
945 1373 1042 1433 necari
1057 1372 1111 1433 sub
1128 1381 1205 1433 crate

146 1451 274 1532 iusserat,
293 1475 443 1518 concursu
466 1460 541 1518 facto
556 1458 619 1536 ipse
635 1458 669 1518 ad
683 1459 892 1536 interpellantis
908 1477 1034 1536 poenam
1049 1477 1151 1518 vecors
1168 1458 1204 1518 de

146 1539 272 1608 tribunali
287 1542 426 1602 decurrit.
462 1542 501 1602 ibi
521 1561 589 1602 cum
611 1543 819 1604 submoventes
841 1544 949 1619 passim
964 1543 1080 1603 lictores
1098 1551 1234 1602 centu-5

146 1625 293 1705 rionesque
316 1635 457 1688 vexarent
476 1627 610 1701 turbam,
633 1647 668 1688 eo
689 1627 849 1705 indignatio
872 1628 983 1705 erupit,
1013 1635 1046 1687 ut
1066 1627 1203 1687 tribunus

148 1709 260 1771 militum
276 1712 311 1772 ab
328 1713 456 1773 exercitu
473 1731 527 1772 suo
544 1713 689 1791 lapidibus
705 1713 914 1790 cooperiretur.
952 1712 1033 1789 quod
1047 1719 1105 1772 tam
1120 1722 1204 1771 atrox
1218 1720 1234 1770 6

146 1795 248 1856 lacinus
269 1805 428 1876 postquam
451 1806 495 1858 est
513 1799 638 1858 Romam
662 1797 845 1869 nuntiatum,
874 1796 998 1856 tribunis
1021 1797 1143 1856 militum
1157 1796 1204 1866 ¹de

146 1891 230 1941 morte
252 1883 379 1962 collegae
401 1891 611 1960 personatum
634 1883 821 1962 quaestiones
847 1880 1071 1942 decernentibus
1093 1881 1203 1941 tribuni

146 1963 228 2040 plebis
242 1967 470 2028 intercedebant.
506 1967 558 2028 sed
574 1987 607 2028 ea
622 1969 771 2030 contentio
789 1985 824 2028 ex
840 1967 997 2028 certamine
1012 1967 1067 2027 alio
1089 1966 1202 2046 pende·
1218 1975 1233 2024 't

145 2047 195 2124 bat,
211 2053 288 2130 quod
305 2072 375 2114 cura
390 2053 549 2113 incesserat
564 2062 669 2132 patres,
685 2072 724 2114 ne
737 2063 815 2114 metu
832 2053 1039 2131 quaestionum
1050 2052 1132 2132 plebs
1144 2053 1203 2112 ira-

1331 505 1333 544 l

1332 549 1333 590 l

1332 593 1333 622 1

1332 625 1333 662 1

1332 683 1333 710 1

145 2217 221 2269 niirde
243 2249 284 2285 -,
317 2219 635 2284 sewardetibrgewiss,
668 2220 718 2284 vgl.
738 2237 759 2271 o.
780 2223 803 2287 3,
825 2223 856 2272 17
876 2239 899 2272 u.
919 2237 942 2274 a.
962 2238 1106 2285 -que-
1126 2238 1160 2282 co,
1180 2222 1204 2282 5,

145 2287 181 2350 25,
199 2291 220 2341 2.
239 2321 268 2330 -
288 2293 396 2342 nabitare
414 2288 440 2338 iu
460 2289 543 2353 bezug
560 2287 605 2338 auf
619 2293 691 2341 aedes.

206 2379 255 2441 50.
277 2386 352 2436 1-3.
381 2385 491 2444 intercep.
512 2385 541 2443 3,
561 2385 606 2447 72,
633 2386 658 2444 4,
685 2382 775 2445 661166,
800 2397 848 2430 vor
869 2381 896 2431 L.
916 2381 985 2430 nieht
1006 2381 1152 2444 gebraucbt.
1168 2406 1204 2414 -

138 2449 280 2513 fraudare,
305 2469 328 2504 s.
347 2454 375 2515 3,
395 2453 442 2514 31,
465 2454 494 2517 43
520 2467 553 2500 an
571 2468 595 2502 u.
613 2449 649 2499 St.
669 2451 737 2500 anob·
757 2450 782 2499 in
801 2450 884 2512 Rczug
903 2447 948 2499 auf
969 2464 990 2500 c.
1012 2453 1053 2501 49.
1071 2476 1097 2486 -
1126 2458 1206 2511 aperte

144 2528 201 2580 erret,
227 2521 339 2571 offonbar
356 2520 388 2570 da
405 2535 469 2570 war.
488 2547 518 2556 —
540 2529 577 2585 et,
596 2520 647 2569 und
664 2518 735 2567 doch.
754 2547 789 2554 —
807 2528 925 2582 quaestor,
944 2519 964 2569 οξ
988 2520 1030 2579 43,
1050 2522 1079 2579 4,
1112 2532 1141 2567 er
1158 2517 1204 2566 hat

144 2583 176 2634 616
192 2585 384 2652 Stellvertreter
401 2590 444 2638 des
463 2587 610 2653 Feldherrn,
629 2587 699 2638 nicht
717 2586 754 2636 616
772 2586 905 2651 Quaestor,
924 2586 1050 2650 historeo,
1068 2586 1203 2636 Mommsen

144 2650 187 2703 Str.
207 2659 227 2720 1,
247 2660 356 2712 3116-
375 2661 431 2708 inde
449 2656 537 2707 weisst
554 2655 600 2707 aul
614 2659 685 2707 mireo
702 2657 808 2706 zuriiclr:
827 2655 853 2705 in
871 2655 949 2720 Fulge
969 2657 1058 2720 davon,
1079 2672 1099 2706 s.
1119 2657 1160 2718 29,
1179 2657 1202 2719 t,

144 2721 170 2787 θ’,
187 2726 226 2787 22,
244 2730 284 2787 39,
307 2730 330 2790 1,
349 2729 399 2790 vgl.
420 2729 501 2791 641,
523 2727 553 2789 23
581 2725 690 2774 dadureh
714 2725 770 2774 dass
798 2729 869 2776 marro
897 2729 944 2776 liet.
971 2724 1040 2774 nieht
1067 2723 1202 2790 Nechsatz,

143 2793 241 2842 scudem
269 2796 324 2846 dam
350 2794 421 2860 Folg.
450 2795 672 2860 untergeordnetes
699 2793 808 2844 Moment
838 2795 970 2857 geworden
997 2793 1040 2857 ist,
1069 2793 1134 2843 wird
1163 2793 1203 2842 dic

144 2853 238 2912 Perinde
259 2863 386 2913 kiinstlieh
403 2865 585 2927 verschlungen
603 2869 634 2912 st.
654 2865 727 2926 misit,
746 2879 791 2926 quo
806 2865 876 2928 forro
895 2869 957 2928 etc,
976 2864 1054 2914 daber
1074 2863 1204 2929 doppeltes

144 2941 198 2995 tum,
216 2945 234 2981 s.
253 2947 273 2981 c.
294 2935 335 2994 53,
356 2934 400 2996 11;
419 2935 442 2996 8,
461 2935 501 2994 19,
524 2937 545 2984 1.
565 2961 595 2968 -
614 2936 712 2995 imrep,
734 2935 756 2994 1,
779 2934 819 2993 26,
839 2935 862 2984 3.

205 3025 360 3076 4-866661.
379 3041 456 3088 semp,
475 3023 629 3087 steigerndes
643 3024 800 3090 Asyudeton,
818 3041 837 3078 c.
857 3029 897 3086 45,
917 3029 945 3092 ‘13
966 3027 1006 3087 31,
1029 3027 1051 3090 1,
1063 3028 1086 3076 6.
1098 3027 1203 3074 —moct

143 3088 188 3138 trae
203 3107 226 3145 n.
238 3096 274 3157 f,
296 3096 320 3152 9,
342 3095 381 3158 14,
400 3097 429 3146 5:
447 3097 503 3144 alite
519 3098 699 3154 medumpam
716 3112 743 3144 ac
760 3097 926 3158 telttsatere,
946 3097 969 3155 3,
991 3097 1032 3154 40,
1055 3096 1080 3154 1,
1098 3092 1147 3154 vgl.
1167 3091 1202 3140 ib.

145 3155 181 3218 59,
203 3163 227 3220 13
246 3159 296 3211 Cic.
314 3161 388 3213 Verr.
408 3166 431 3225 2,
453 3165 495 3224 48,
518 3164 580 3216 1186
602 3166 697 3214 modom
713 3190 748 3198 -
773 3172 795 3214 et
807 3168 886 3226 sunem
905 3166 1011 3213 orationi
1019 3163 1149 3224 factumue.
1169 3185 1201 3194 -

141 3227 181 3272 tud
199 3239 269 3292 erate,
288 3229 343 3280 eine
361 3229 495 3280 hosondors
514 3233 664 3282 entehrende
687 3229 778 3290 Stralo,
799 3233 821 3291 1,
841 3236 882 3293 51,
901 3233 924 3283 9.
938 3257 972 3266 -—
990 3232 1136 3288 centurion„
1162 3226 1201 3276 dle

142 3291 186 3342 wie
202 3295 241 3346 die
259 3298 376 3348 Lictoren
395 3313 441 3348 zur
459 3296 684 3363 Aulrcchtbultuug
704 3298 877 3363 derOrdnung
895 3299 1033 3362 gebraucht
1050 3296 1203 3346 werden.-

143 3369 295 3422 reperiretur
323 3374 379 3430 etc,
408 3367 476 3418 ciues
504 3369 548 3418 der
575 3367 687 3431 6661366
705 3366 826 3430 Beispiele
855 3369 954 3417 solcher
967 3363 1062 3416 'Frevel
1088 3380 1133 3414 aus
1158 3365 1202 3413 der

143 3424 252 3484 ltilhorou
270 3435 333 3488 Zcit.
355 3465 386 3472 -
401 3451 448 3496 per
466 3453 524 3503 aen,
544 3437 588 3486 der
607 3436 685 3486 Senat
703 3437 747 3484 hat
764 3435 826 3485 iiber
841 3439 899 3488 ro'm.
917 3434 1011 3497 Biirgor
1029 3434 1101 3484 keine
1119 3432 1202 3482 16616-

143 3494 242 3564 1161166;
272 3504 373 3556 desbalb
394 3504 561 3555 intercedireu
587 3504 654 3568 jetzt
677 3503 716 3553 die
734 3501 875 3567 Tribunen,
905 3503 944 3552 als
962 3502 1002 3552 die
1020 3501 1202 3551 Consulartrib.

143 3562 228 3642 (166661
242 3578 364 3638 outragen
385 3570 582 3640 (decernentibus,
602 3577 625 3636 2,
642 3576 684 3633 29,
704 3576 732 3637 5;
750 3573 791 3635 21,
812 3574 853 3636 211,
878 3573 932 3636 12),
964 3571 1021 3621 dass
1039 3571 1084 3621 dor
1102 3569 1203 3620 Senot

142 3645 192 3684 erne
218 3642 459 3693 ausserordeutlicho
487 3641 676 3706 Untorsuebung
704 3639 871 3691 beschliesseu
897 3640 946 3690 und
979 3639 1020 3690 die
1046 3639 1125 3689 Saohe
1156 3640 1202 3690 den

142 3697 254 3758 Comitien
273 3712 403 3763 outziehen
423 3711 495 3774 selle,
518 3712 570 3775 vgl.
593 3713 615 3773 3,
635 3713 676 3772 24,
697 3713 725 3760 7:
745 3711 772 3758 in
792 3719 952 3761 meruerant.

152 3836 156 3846 ¹
205 3777 280 3830 7-8.
297 3798 356 3832 eura
375 3786 469 3846 intera,
486 3796 506 3830 s.
525 3783 549 3843 3,
568 3782 610 3842 59,
633 3782 659 3842 13
678 3780 702 3841 2,
723 3779 763 3840 18,
784 3780 815 3846 8,
834 3783 857 3841 8,
876 3781 917 3840 29,
937 3780 951 3826 3
969 3777 1019 3827 und
1037 3792 1064 3826 so
1083 3777 1202 3839 gewithe-

140 3834 188 3889 lrch
200 3842 243 3893 mit
261 3847 313 3898 dem
332 3849 429 3913 Aecus,
447 3849 498 3913 vgl.
519 3863 541 3899 c.
560 3851 602 3910 et,
622 3850 661 3899 to.
683 3876 708 3883 κ·
730 3855 793 3896 metu
812 3851 957 3912 quaestion,
977 3845 1016 3896 die
1037 3844 1203 3908 Schuldigen3
