2678 4200
153 193 175 221 a.
190 180 228 222 cn.
242 181 288 222 aee.
538 181 632 234 nnana
651 185 683 235 v.
718 183 788 234 cnr.
809 188 848 238 15.
1157 185 1219 248 311

157 347 294 416 coeptum
310 348 361 410 est,
376 339 471 399 donec
485 357 563 399 unns
579 359 614 399 ex
629 340 752 400 statione
767 341 908 412 Romana,
923 347 1130 418 percunctatus
1146 358 1218 418 pro-

155 425 268 484 ximum
285 423 517 502 oppidanorum,
539 425 596 484 iam
617 443 671 503 per
690 425 930 504 longinquitatem
953 423 1021 485 belli
1042 426 1220 485 commercio

156 527 328 569 sermonum
344 510 430 582 facto,
446 509 580 587 quisnam
596 510 621 570 is
637 518 722 586 esset,
746 510 796 588 qui
817 528 871 588 per
887 510 1022 588 ambages
1037 510 1073 570 de
1088 511 1153 570 lacu
1169 509 1220 569 Al-

157 594 235 654 bano
250 595 363 665 iaceret,
379 602 536 672 postquam
552 595 662 656 audivit
677 595 863 673 haruspicem
881 615 953 668 esse,
969 596 1013 655 vir
1028 596 1106 655 haud
1122 595 1221 656 intacti
1234 609 1252 658 6
1284 657 1287 664 ,

155 680 296 758 religione
317 680 422 750 animi,
456 688 589 741 causatus
612 681 648 740 de
669 680 772 757 privati
794 682 922 758 portenti
943 681 1166 759 procuratione,
1196 681 1221 740 si

158 783 263 842 operae
283 765 324 825 illi
346 774 431 837 esset,
452 765 605 825 consulere
626 746 707 837 velle,
730 765 765 825 ad
789 766 977 844 conloquium
1004 773 1099 826 vatem
1115 766 1220 826 elicuit.

157 862 283 928 cumque
305 851 454 928 progressi
475 849 562 910 ambo
584 870 600 910 a
623 851 683 910 suis
697 850 814 928 longius
828 860 926 911 essent
939 851 1067 911 inermes
1082 851 1145 910 sine
1160 851 1219 910 ullo
1234 869 1251 916 1

156 943 245 1010 metu,
260 935 429 1012 praevalens
443 936 556 996 iuvenis
572 937 724 996 Romanus
739 953 839 996 senem
856 936 1008 996 infirmum
1019 936 1051 996 in
1061 943 1220 1013 conspectu

156 1020 290 1080 omnium
312 1027 430 1098 raptum
452 1021 631 1099 nequiquam
657 1021 902 1082 tumultuantibus
926 1021 1056 1082 Etruscis
1085 1021 1121 1080 ad
1150 1039 1221 1080 suos

154 1105 308 1166 transtulit.
331 1105 382 1183 qui
398 1124 466 1165 cum
480 1107 640 1184 perdoctus
655 1107 691 1166 ad
713 1107 936 1184 imperatorem,
956 1106 1024 1166 inde
1039 1107 1164 1167 Romam
1185 1105 1221 1165 ad
1235 1121 1252 1170 8

156 1199 288 1251 senatum
304 1191 411 1252 missus
429 1201 519 1264 esset,
541 1191 762 1263 sciscitantibus
776 1192 916 1270 quidnam
930 1191 960 1251 id
975 1201 1066 1263 esset,
1090 1191 1169 1268 quod
1186 1191 1221 1250 de

155 1277 220 1336 lacu
235 1275 347 1336 Albano
364 1277 518 1350 docuisset,
533 1276 693 1355 respondit,
708 1279 840 1354 prolecto
856 1279 945 1337 iratos
961 1277 1031 1336 deos
1039 1276 1150 1337 Veienti
1165 1294 1221 1354 po·
1235 1292 1252 1342 9

156 1362 227 1440 pulo
243 1361 291 1422 illo
306 1361 398 1421 tuisse
413 1361 474 1435 die,
497 1381 556 1440 quo
572 1361 627 1423 sibi
643 1380 707 1422 eam
725 1373 853 1423 mentem
877 1362 1067 1434 obiecissent,
1087 1369 1120 1422 ut
1142 1361 1227 1421 exci-=

156 1447 238 1506 dium
253 1447 361 1524 patriae
376 1447 459 1507 fatale
481 1447 627 1525 proderet.
662 1447 760 1525 itaque
784 1465 858 1526 quae
880 1458 944 1514 tum
968 1448 1104 1508 cecinerit
1122 1447 1221 1506 divino
1238 1466 1270 1516 10

156 1532 260 1610 spiritu
274 1531 439 1604 instinctus,
448 1551 480 1592 ea
492 1551 523 1593 se
538 1551 601 1605 nec,
618 1540 650 1594 ut
665 1533 772 1592 indicta
787 1532 853 1604 sint,
869 1551 1010 1592 revocare
1022 1551 1118 1610 posse,
1134 1541 1162 1592 et
1177 1541 1221 1592 ta-

159 1617 251 1676 cendo
279 1615 411 1694 forsitan,
434 1635 509 1694 quae
527 1618 556 1678 di
578 1617 747 1678 inmortales
769 1617 880 1696 vulgari
905 1617 1001 1690 velint,
1023 1617 1102 1677 haud
1124 1617 1222 1676 minus
1277 1658 1279 1664 ,

158 1719 247 1778 quam
263 1702 380 1762 celanda
393 1703 508 1762 effando
524 1705 606 1763 nefas
629 1702 769 1762 contrahi.
806 1703 848 1762 sic
870 1701 958 1780 igitur
978 1701 1060 1762 libris
1082 1701 1222 1773 tatalibus,
1237 1713 1267 1763 ιι

157 1787 200 1846 sic
220 1786 370 1864 disciplina
396 1787 517 1847 Etrusca
543 1787 681 1848 traditum
709 1806 786 1858 esse,
814 1787 863 1862 [ut]
886 1785 1004 1864 quando
1020 1805 1094 1864 aqna
1113 1785 1223 1846 Albana
1311 1837 1314 1846 ,

158 1869 342 1944 abundasset,
364 1880 436 1945 tum,
458 1873 483 1932 si
504 1891 568 1933 eam
588 1873 739 1933 Romanus
761 1872 815 1932 rite
838 1871 995 1944 emisisset,
1013 1871 1164 1932 victoriam
1187 1871 1223 1930 de

157 2040 290 2090 Emissare.
307 2069 341 2077 -
358 2059 433 2104 enus,
451 2040 539 2104 irgend
558 2039 634 2106 einer,
654 2042 694 2102 22,
716 2042 740 2102 9,
761 2041 784 2091 2.
798 2067 833 2076 -
843 2045 982 2102 proximum
999 2047 1055 2100 etc,
1073 2039 1137 2089 nach
1153 2038 1225 2088 Dion.

158 2111 209 2160 ond
229 2110 284 2160 dein
304 2109 396 2160 diesem
415 2107 547 2172 folgenden
565 2107 631 2160 Plut.
650 2109 685 2159 ist
706 2109 750 2158 der
767 2108 845 2159 Scher
871 2110 916 2159 init
940 2109 994 2158 dcnr
1015 2108 1119 2173 Riiiuer,
1146 2108 1225 2158 einenn

158 2177 285 2241 Centurio,
303 2180 379 2228 schou
396 2178 519 2240 bekannt3
538 2178 589 2241 vgl.
609 2177 660 2227 Cic.
679 2177 696 2227 l.
714 2178 732 2228 l.
748 2193 794 2239 per
811 2181 881 2240 amb,
904 2181 927 2243 1,
947 2181 988 2242 56,
1010 2180 1033 2230 9,
1049 2181 1225 2228 —ieetum-

157 2253 254 2307 iacent,
287 2249 310 2307 6,
334 2250 373 2308 14,
398 2249 437 2309 ll.
455 2274 489 2282 -
507 2249 574 2296 deuel
593 2251 635 2297 int.
653 2265 674 2299 r.
694 2265 732 2309 et,
762 2245 802 2296 cin
825 2244 867 2295 liir
894 2246 1010 2310 religiiisc
1029 2243 1135 2296 Geldhle
1155 2245 1226 2294 nicht

156 2315 375 2381 uncinpfindlicher
395 2315 484 2376 Manu,
513 2313 619 2380 LitoteS,
639 2318 662 2376 2,
693 2317 733 2379 36,
753 2318 781 2377 33
809 2314 877 2365 Curt.
895 2318 919 2377 4,
939 2317 980 2379 26,
1000 2316 1043 2365 12:
1061 2323 1089 2364 ut
1106 2323 1225 2364 eratnon

156 2389 245 2436 intaeta
262 2403 278 2434 e
294 2388 461 2448 repedicione
477 2393 602 2435 1111111,-
606 2388 709 2448 probati,
728 2383 772 2432 dos
790 2384 833 2433 der
847 2381 964 2432 Einzalne
984 2399 1015 2431 zu
1033 2383 1127 2432 siihnen
1144 2383 1223 2444 hatte,

161 2458 183 2516 1,
203 2456 243 2512 56,
263 2457 287 2504 5.
303 2481 337 2489 -
356 2469 481 2515 operaee,
503 2451 559 2501 hier
575 2451 599 2500 ia
619 2450 794 2502 affirmativam
813 2451 896 2516 Satze,
928 2451 976 2501 wie
998 2451 1081 2514 9,23,
1104 2452 1148 2512 123
1180 2465 1225 2514 ge·

103 2522 105 2527 ’
158 2521 285 2571 wdbnlicb
305 2521 330 2571 in
348 2521 497 2586 negativam,
527 2523 549 2581 l,
577 2523 618 2579 24,
646 2523 670 2572 6.
688 2549 722 2556 -
740 2524 836 2583 conoul,
865 2537 887 2569 n.
904 2524 982 2581 illum,
1010 2533 1063 2568 was
1081 2517 1169 2582 elegen
1186 2521 1227 2569 illi

157 2587 240 2640 lablen
265 2590 365 2641 konnte.
401 2590 446 2640 Die
470 2587 572 2639 Per-iodr
607 2587 712 2639 nmlasst
742 2589 791 2639 alle
823 2591 867 2638 das
894 2593 975 2640 eiicere
998 2584 1224 2637 herbeiliihrenden

158 2658 290 2710 Momeutc.

124 2725 126 2733 '
227 2731 319 2780 7-10.
331 2744 417 2792 progr.
437 2754 471 2764 ο
489 2736 566 2788 mete,
594 2736 644 2776 ane
661 2725 767 2789 begrillc
791 2725 847 2774 sind
871 2741 912 2774 um
937 2725 973 2774 sie
994 2740 1024 2773 zu
1041 2724 1122 2774 beben
1139 2739 1226 2788 umge-

156 2795 234 2846 stellt.
270 2801 393 2860 imperat,
423 2797 467 2846 dor
490 2795 582 2860 gerade
606 2795 649 2843 das
675 2794 740 2844 Heer
764 2794 825 2844 oder
847 2793 886 2844 die
906 2793 1017 2859 Lagina,
1045 2793 1156 2846 waleher
1181 2793 1227 2843 der

158 2863 247 2914 Soldat
264 2866 410 2930 angehdrte,
428 2863 642 2914 commandirande
659 2862 873 2926 Consulartribnn,
889 2862 960 2912 Dion.
980 2865 1009 2914 οἱ
1020 2865 1173 2934 χιλίαρχοι.
1192 2891 1226 2898 -

158 2943 228 2984 ment.
248 2936 302 2994 obi,
320 2933 370 2982 ihm
385 2932 537 2998 eingegcben
555 2933 643 2982 h'aitten
664 2933 727 2980 ohne
744 2931 916 2995 seinZuthuu,
936 2931 985 2982 wia
1003 2932 1125 2981 nachher:
1143 2935 1226 2980 divine

158 3005 249 3061 spiritu
266 3005 399 3064 iniunctae,
418 3003 448 3051 da
469 3002 494 3050 in
513 3002 566 3050 dem
584 3000 663 3051 Scher
682 3000 750 3048 nieht
768 2999 830 3064 sein,
848 3001 955 3052 sondern
967 3001 1011 3050 der
1024 2997 1226 3063 glittlieheGeist

159 3068 250 3130 wirkt3
277 3072 366 3119 obicere
382 3069 430 3119 wie
449 3073 496 3134 29,
524 3073 547 3133 8,
579 3072 617 3122 11.
634 3098 668 3106 -
681 3073 778 3130 patriae
789 3071 826 3134 f,
847 3069 896 3118 wie
916 3085 936 3120 c.
957 3070 999 3131 33,
1020 3069 1031 3118 1
1051 3071 1113 3120 urbi.
1135 3072 1226 3120 indicta

158 3159 194 3179 =
213 3154 261 3186 non
279 3141 353 3202 dieta3
374 3140 413 3202 22,
431 3141 473 3200 39,
490 3141 518 3189 2:
537 3155 572 3188 me
589 3141 719 3202 indicente
738 3139 779 3201 29,
803 3141 842 3200 18,
863 3141 908 3190 19:
932 3141 1021 3188 indicte
1038 3155 1117 3190 eausa.

233 3224 341 3276 11-12,
363 3224 431 3272 libris
453 3225 512 3287 fet,
531 3238 552 3274 c.
575 3225 615 3288 14,
630 3227 661 3288 43
690 3223 715 3272 iu
735 3222 867 3272 denselben
884 3237 939 3271 war
956 3220 1010 3270 also
1026 3220 1066 3270 die
1082 3219 1226 3284 Redeutung

120 3328 126 3334 .
161 3291 206 3341 der
225 3289 339 3356 prodigia
357 3290 508 3354 angegeben.
525 3317 559 3326 -
579 3293 715 3356 discipline,
736 3289 1014 3340 dieDivinationslelnre
1033 3289 1224 3352 iibcrhaupt.-

160 3364 252 3422 teedit,
273 3359 322 3409 Cic.
341 3359 358 3409 l.
378 3359 408 3408 l:
437 3361 549 3424 casatis,
568 3378 630 3424 quae
653 3363 759 3411 Veientes
777 3361 866 3418 serapte
885 3361 1003 3408 baberent.
1022 3381 1053 3392 -
1073 3367 1100 3407 ut
1117 3361 1226 3420 quondm

162 3430 193 3478 da
214 3429 254 3478 die
271 3428 400 3478 Annahme
420 3427 487 3478 eines
507 3427 675 3479 Anacolutbes
693 3430 735 3490 (sie
753 3453 780 3463 -
802 3437 830 3476 nt
841 3453 875 3462 -
886 3425 995 3487 daretur)
1015 3424 1070 3475 hier
1088 3425 1161 3474 kann
1179 3441 1225 3474 zu-

161 3497 240 3562 l‘aissig
256 3497 304 3560 ist,
330 3513 358 3547 so
376 3497 468 3547 miissto
487 3507 516 3546 ut
535 3502 631 3562 quande
649 3498 784 3547 bedeuton:
803 3501 913 3558 gesem,
936 3495 963 3543 in
981 3495 1035 3543 dem
1055 3492 1140 3558 Fullo,
1169 3494 1226 3542 dass

161 3566 265 3628 einnra13
284 3582 312 3616 so
330 3567 388 3616 dass
406 3581 433 3615 es
449 3566 531 3628 wenig
550 3581 600 3615 von
617 3569 753 3631 siquando
774 3563 937 3614 verschieden
961 3563 1045 3623 nare,
1071 3563 1131 3611 oder
1147 3583 1182 3603 =
1199 3571 1228 3612 ut

157 3641 266 3698 patmum
284 3636 387 3698 stehen3
417 3635 479 3683 doeh
502 3635 566 3685 lasst
589 3635 643 3684 sich
669 3635 721 3684 wol
739 3632 824 3682 weder
841 3632 885 3682 das
902 3630 965 3681 Eine
984 3632 1048 3680 noch
1065 3631 1108 3680 das
1126 3629 1227 3679 Andere

161 3703 326 3755 nachwoisen.
344 3731 378 3739 -
397 3706 484 3754 abund.
508 3731 544 3739 —
566 3708 678 3767 amison,
704 3704 766 3751 nach
785 3700 813 3752 L.
838 3700 905 3750 hiess
929 3715 956 3750 es
981 3699 1034 3750 also
1060 3698 1086 3747 in
1104 3699 1151 3748 den
1168 3701 1228 3749 libri

152 3775 215 3836 sat,
235 3772 291 3822 dass
309 3771 494 3823 diellinnahine
512 3772 556 3821 der
569 3771 643 3821 stadt
661 3787 708 3821 nur
725 3787 757 3820 an
770 3769 809 3820 die
823 3767 1080 3831 vorschriltsm'assige
1090 3767 1226 3831 Ableitung

159 3841 202 3890 des
220 3840 339 3892 Wassors
357 3839 477 3907 gekniiplt
494 3841 545 3904 sei,
578 3842 649 3906 dass,
680 3841 758 3891 bevor
779 3838 845 3889 diese
865 3837 974 3904 erlolge,
1007 3837 1067 3900 Veji
1090 3837 1171 3886 niehts
1195 3852 1225 3885 zu
