2752 4202
118 213 178 278 158
497 212 590 264 LIBER
608 211 652 266 Ν.
687 211 757 266 CAP.
777 217 805 311 31
1069 239 1089 269 e.
1102 239 1124 270 0.
1140 227 1192 271 309.

80 365 100 426 3
201 368 276 428 Cum
293 367 420 428 maxime
436 368 506 429 baec
521 369 551 427 in
568 376 670 428 senatu
687 378 850 447 agerentur,
870 367 1027 428 Canuleius
1043 385 1098 446 pro
1113 368 1189 447 legi-

86 453 172 514 rbus
196 453 257 515 suis
278 463 307 515 et
328 453 468 514 adversus
491 454 628 514 consules
642 453 680 513 ita
696 454 849 515 disseruit:
872 461 1001 532 „quanto
1018 469 1107 531 opere
1122 473 1190 526 vos,

117 533 254 612 Quirites,
276 547 499 600 contemnerent
513 547 618 618 patres,
635 556 722 616 quam
741 539 878 618 indignos
893 538 1042 610 ducerent,
1058 540 1111 617 qui
1127 557 1188 599 una

116 642 217 685 secum
233 623 306 684 urbe
321 624 396 684 intra
414 625 516 685 eadem
533 624 648 684 moenia
665 625 807 699 viveretis,
825 641 912 702 saepe
929 623 1065 702 equidem
1080 631 1108 684 et
1119 633 1188 684 ante

116 709 217 770 videor
235 709 481 784 animadvertisse,
503 727 583 770 nnnc
601 717 697 769 tamen
720 711 853 781 maxime,
875 709 955 787 quod
977 708 1050 769 adeo
1073 717 1189 770 atroces

87 797 146 856 3in
169 796 220 856 bas
242 795 410 874 rogationes
433 804 548 856 nostras
569 795 662 872 coorti
684 803 761 869 sunt,
784 795 890 874 quibus
909 795 980 874 quid
1002 794 1079 854 aliud
1095 812 1187 872 qnam

116 881 318 941 admonemus
333 881 409 941 cives
432 897 611 940 noseorum
633 899 697 942 esse
718 889 755 948 et,
778 881 802 940 si
821 898 883 940 non
910 879 1028 941 easdem
1043 897 1115 957 opes
1130 879 1188 940 ba·

86 965 194 1039 lbere,
212 965 335 1028 eandem
351 973 448 1026 tamen
463 965 584 1044 patriam
602 962 753 1026 incolere?
769 966 856 1026 altero
873 964 1035 1026 conubium
1047 965 1189 1043 petimus,

116 1052 197 1130 quod
218 1049 360 1112 finitumis
383 1051 571 1129 externisque
593 1049 655 1111 dari
677 1052 750 1112 solet
764 1085 805 1094 -
821 1069 875 1110 nos
896 1050 1014 1128 quidem
1030 1049 1188 1122 civitatem,

116 1155 191 1216 (puae
206 1136 273 1214 plns
290 1153 378 1214 qrram
394 1135 556 1198 conubium
571 1144 623 1210 est,
638 1136 772 1198 hostibus
787 1136 872 1196 etiam
888 1137 971 1196 victis
986 1135 1120 1196 dedimus
1133 1157 1186 1208 -3

86 1222 203 1282 saltora
218 1221 290 1280 nibil
306 1221 376 1282 novi
391 1221 524 1294 ferimus,
541 1222 592 1282 sed
603 1221 641 1294 id,
656 1222 848 1300 qnodpopuli
860 1229 912 1293 est,
927 1220 1087 1299 repetimus
1097 1229 1187 1298 atque

116 1324 303 1385 usurpamus,
326 1315 359 1366 ut
372 1306 489 1385 ¹quibus
507 1307 575 1367 v'elit
594 1308 724 1385 populus
740 1308 891 1368 Romanus
913 1306 1042 1367 honores
1057 1307 1190 1366 mandet.

54 1451 55 1456 ,
84 1399 100 1447 6
114 1393 185 1472 quid
203 1392 320 1454 taudem
335 1400 386 1465 est,
404 1409 458 1452 cur
472 1393 584 1453 caelum
598 1410 632 1452 ac
648 1403 737 1453 terras
754 1392 903 1465 misceant,
920 1409 973 1453 cur
987 1391 1018 1451 iu
1030 1409 1077 1450 me
1087 1392 1185 1470 impe-

114 1487 162 1539 100
185 1475 274 1538 modo
296 1495 390 1555 paene
411 1476 442 1537 in
458 1485 561 1538 senatu
576 1477 612 1538 sit
626 1479 731 1550 faetus,
750 1486 858 1556 negent
871 1496 903 1537 se
915 1476 1052 1537 manibus
1068 1484 1185 1555 tempe-

86 1570 231 1626 rraturos
253 1563 472 1640 violaturosque
493 1563 668 1624 denuntient
687 1570 902 1624 sacrosanctam
925 1558 1122 1640 potestatem?
1158 1563 1184 1623 si

114 1648 225 1728 populo
238 1648 373 1708 Romano
393 1647 520 1708 liberum
543 1648 716 1727 suffragium
737 1647 832 1721 datur,
855 1657 888 1708 ut
902 1647 1010 1726 quibus
1026 1647 1094 1708 velit
1109 1664 1186 1706 oon-

114 1734 241 1795 sulatum
264 1733 391 1805 mandet,
414 1741 442 1794 et
463 1751 525 1794 non
541 1733 800 1812 praeciditunspes
815 1731 928 1812 plebeio
946 1750 1074 1811 quoquc,
1095 1733 1120 1792 si
1136 1732 1184 1791 di-

113 1837 190 1898 gnus
213 1836 332 1882 summo
354 1819 470 1879 bonore
491 1819 555 1891 erit,
575 1818 724 1898 apiscendi
741 1819 850 1879 summi
867 1818 998 1891 honoris,
1020 1825 1096 1878 stare
1111 1817 1186 1880 urbs

182 1967 211 2028 3.
245 1973 266 2022 1.
293 1973 493 2035 pro-adver,
520 1973 544 2031 ’1,
571 1973 613 2031 40,
640 1971 684 2031 16;
718 1972 760 2032 43,
786 1972 811 2034 3,
835 1973 859 2022 l.
878 1997 911 2006 —
928 1972 1004 2036 lepib,
1029 1969 1077 2020 wic
1095 1973 1119 2036 5,
1140 1971 1188 2033 25,

114 2042 145 2092 13
164 2057 187 2090 u.
208 2054 230 2088 o.
250 2054 300 2088 von
319 2036 474 2101 Rogationem
494 2035 510 2102 ξ
529 2040 544 2090 2
562 2037 707 2101 gebraucbt.

181 2109 257 2159 2-5.
286 2105 408 2171 Eingong.
436 2103 599 2171 Anlrn'n'plend
618 2121 650 2156 on
668 2105 708 2156 dic
721 2105 857 2172 Vorgdngo
875 2107 907 2156 im
923 2105 1015 2157 Senote
1033 2121 1054 2156 c,
1076 2109 1088 2158 1
1109 2105 1186 2156 weist

112 2176 157 2232 dec
176 2175 274 2226 Roduer
297 2174 420 2226 0001101001
446 2175 493 2224 den
511 2175 642 2240 Aosprucb
661 2175 706 2225 der
723 2173 797 2226 Plebs
815 2173 861 2224 uul'
876 2176 921 2226 das
941 2175 1061 2225 Consnlot
1077 2174 1115 2224 als
1137 2190 1185 2238 ge·-

111 2245 184 2295 recht
209 2244 272 2293 noch
295 2241 311 2309 ᾖ
336 2243 385 2296 bd.
403 2269 437 2279 ——
454 2260 545 2310 secum,
570 2247 594 2305 2,
613 2244 655 2306 20,
677 2247 717 2296 11.
737 2271 770 2280 -
788 2248 876 2308 equid,
903 2243 1043 2294 versichert
1068 2244 1112 2292 dae
1136 2258 1187 2292 zu·

112 2312 363 2376 sammcngehdreude
386 2322 575 2374 suspectante.
594 2339 629 2348 —
646 2315 734 2377 videor,
762 2315 784 2376 1,
807 2315 848 2374 23,
867 2316 890 2365 t.
911 2340 945 2350 -
961 2315 1023 2377 quid
1037 2317 1077 2376 at,
1097 2315 1139 2374 34,
1159 2314 1186 2374 2,

115 2385 153 2435 12.
173 2410 206 2418 -
225 2385 335 2433 admon:
352 2380 466 2434 crinuero
485 2382 572 2446 daron,
592 2378 663 2431 rulen
680 2381 719 2432 ins
741 2379 916 2445 Gediicbtniss,
933 2397 952 2431 0.
972 2382 1014 2446 24,
1034 2383 1058 2442 9,
1078 2381 1107 2431 20
1136 2383 1184 2432 ad·

111 2456 205 2503 monuit
221 2468 275 2502 mm
290 2453 411 2502 mmrlbm
431 2453 478 2502 0151
490 2453 575 2516 fasces
586 2453 716 2516 praeferri
719 2470 728 2512 ,·
756 2453 780 2513 5,
800 2453 823 2515 2,
848 2453 885 2503 11.
906 2479 937 2490 -
956 2453 1018 2501 cives
1035 2447 1187 2512 blitbiirger,

111 2536 132 2569 c.
151 2524 176 2585 4,
199 2521 243 2582 123
262 2519 294 2584 5,
307 2521 331 2580 2,
354 2522 391 2571 11.
411 2547 446 2558 -·
462 2522 555 2582 dobere,
574 2519 612 2570 als
631 2519 661 2568 ob
682 2523 785 2584 quidem,
807 2519 876 2568 nicht
892 2522 916 2570 00·
935 2517 1112 2582 vorongienge,
1130 2518 1183 2582 vgl.

112 2605 132 2638 c.
154 2591 193 2651 15,
212 2592 242 2654 5,
263 2591 304 2651 51,
321 2585 399 2652 ³132,
420 2589 460 2652 13,
480 2589 510 2653 8;
532 2589 574 2650 33,
591 2589 633 2652 43,
654 2589 837 2652 11.-001005,
857 2603 878 2638 c.
899 2590 921 2650 1,
943 2590 964 2638 1.
984 2613 1010 2622 -
1031 2588 1109 2652 finit,
1129 2585 1185 2638 [m-

111 2659 203 2722 tioern,
221 2672 240 2706 s.
263 2659 285 2722 1,
307 2659 349 2716 49,
368 2658 397 2719 9;
415 2661 526 2718 atomis,
543 2662 611 2706 etwo
629 2655 791 2722 (lamponem,
811 2673 832 2708 0.
851 2658 892 2718 23,
914 2659 939 2720 4,
958 2659 982 2720 1,
1004 2656 1052 2706 und
1071 2655 1181 2705 anderen

111 2725 345 2788 llnndesgenossen,
368 2739 388 2774 s.
412 2721 479 2776 rest
505 2739 528 2788 p.
552 2727 600 2777 170
617 2728 763 2787 Numerius,
790 2725 839 2789 vgl
859 2723 910 2775 Cic.
931 2723 991 2789 Rep.
1011 2727 1036 2789 2,
1056 2725 1102 2776 310
1138 2727 1187 2788 qm·

113 2792 261 2856 (decemviro)
283 2795 354 2843 mmm
375 2809 438 2856 quae
460 2796 576 2846 0111000110
591 2798 689 2855 populis
705 2797 784 2844 trv'dm'
801 2799 876 2844 solent
891 2796 1005 2854 conubia,
1027 2796 1084 2844 daec
1100 2796 1185 2844 111101

111 2879 141 2912 ne
160 2864 239 2923 pretet
261 2877 315 2912 mm
336 2863 447 2922 patribus
467 2871 544 2914 essent
565 2865 768 2913 inhumanissima
793 2866 841 2927 depe
868 2871 1019 2922 cancerem
1050 2862 1114 2911 doch
1134 2861 1184 2911 bc·

112 2931 186 2980 stand
209 2929 253 2979 dus
276 2929 406 2979 conubium
424 2931 469 2980 der
486 2933 546 2984 0300.
566 2928 691 2980 Potrieier
708 2931 759 2980 wol
779 2947 826 2980 nur
846 2930 892 2980 mit
909 2931 955 2980 den
971 2928 1186 2992 000001101Ρο1οἰ-

113 2999 190 3061 cicrn)
209 2999 315 3048 ondorcr
332 2996 445 3058 Stuuton,
464 2999 515 3064 vgl.
529 3001 570 3063 23,
591 3001 614 3065 2,
634 3002 664 3066 63
683 2999 817 3050 Mommsen
836 3003 859 3062 1,
879 3000 1184 3062 10.-,0000000011

113 3069 228 3119 neodem
246 3065 410 3131 allgemoinon
427 3065 545 3131 Snbjecte
564 3067 665 3118 incolet
685 3075 816 3132 entgegoo,
836 3072 906 3118 etiam
924 3066 1030 3131 stcigert
1050 3071 1128 3117 noctes
1147 3066 1182 3115 im

113 3136 269 3201 Gegensatze
287 3151 318 3185 zu
329 3141 398 3199 fim't.
410 3142 524 3199 00100010,
544 3135 596 3200 vgl.
613 3139 652 3200 10,
666 3138 707 3200 23,
723 3141 752 3190 4:
771 3139 916 3188 Samnitium
933 3139 1034 3200 ammos,
1054 3137 1183 3186 Gallorum

112 3209 208 3270 quedem
226 3210 296 3257 alam
315 3222 416 3268 corpora
422 3226 431 3268 ;
461 3208 502 3270 33,
522 3207 563 3269 32,
583 3207 595 3258 1
615 3223 639 3257 u.
659 3221 683 3256 a.
706 3232 739 3242 —
757 3209 888 3268 civitatem,
916 3221 965 3255 von
986 3203 1068 3256 dieser
1084 3203 1119 3254 101
1136 3203 1183 3253 des

112 3274 242 3324 conubium
260 3274 434 3340 urspriinglicb
454 3289 500 3324 nur
518 3274 559 3326 010
576 3273 756 3339 Bestondtbeil,
774 3275 818 3324 dor
838 3274 898 3324 uber
914 3273 1009 3324 soither
1026 3273 1072 3324 den
1091 3269 1183 3322 Plebe-

109 3341 167 3406 jcrn
188 3349 309 3407 eutzngen
328 3358 391 3406 wor,
410 3358 429 3393 s.
449 3357 470 3393 0.
488 3346 513 3408 4,
532 3345 557 3408 8,
583 3343 634 3407 vgl.
653 3341 712 3394 Tae.
734 3345 774 3404 11,
794 3345 832 3395 24.
853 3370 886 3379 -
905 3345 1039 3406 repetimus,
1058 3341 1122 3391 ench
1140 3340 1185 3391 dle

110 3409 224 3462 Freibeit
242 3413 286 3462 der
306 3411 386 3462 Wabl
403 3411 469 3461 wird
486 3411 526 3461 als
543 3411 584 3462 ein
604 3411 806 3476 urspriinglicbes
828 3412 873 3462 dor
886 3409 959 3462 Plebs
980 3410 1057 3460 durcb
1075 3408 1115 3459 die
1131 3407 1182 3459 Po-

110 3479 198 3530 tricier
230 3486 379 3543 entzogenos
411 3479 491 3530 llocbt
521 3477 750 3544 zoriiclrgelordert.
775 3508 808 3516 —
832 3497 965 3543 usurpem,
994 3493 1014 3532 s.
1039 3481 1123 3542 c.³'44,
1149 3482 1183 3540 43

111 3550 239 3612 3,11,1.

179 3617 254 3669 6-8.
283 3615 333 3666 Dus
343 3613 485 3667 Verfabren
503 3617 548 3666 der
562 3615 688 3667 Patricier
705 3615 739 3665 101
757 3615 921 3681 iibermlitbig,
942 3615 981 3666 dio
996 3613 1070 3665 Plebs
1082 3615 1184 3664 scbvmr

111 3684 264 3736 verletzend.
281 3711 315 3721 -
333 3689 423 3736 melum
445 3691 492 3735 010.
509 3685 566 3735 Juv.
586 3687 610 3749 2,
630 3687 676 3737 250
708 3687 762 3748 qum
779 3689 869 3736 caelum
886 3687 959 3736 100010
975 3700 1024 3734 nom
1044 3688 1184 3734 00000101

109 3769 176 3802 mare
201 3757 280 3803 terrm.
301 3782 334 3790 -
351 3758 440 3816 impet,
465 3769 486 3803 c.
509 3757 530 3818 1,
555 3755 578 3806 6.
597 3781 630 3791 -
650 3762 736 3818 nepem
759 3753 824 3802 wird
847 3753 925 3803 durch
950 3752 989 3802 dio
1009 3751 1182 3816 Weglussung

58 3847 61 3854 -
109 3836 159 3868 von
178 3837 222 3870 cur
239 3821 384 3885 gesteigert,
405 3824 447 3885 20,
466 3823 508 3883 24,
529 3825 551 3874 3.
581 3839 646 3873 meam.
665 3832 744 3885 temp,
764 3824 849 3887 2,23,
871 3824 909 3875 10.
942 3831 963 3872 et
981 3837 1182 3890 non-quoqne,

112 3890 134 3952 1,
151 3889 236 3952 50,8;
252 3890 275 3950 3,
291 3891 374 3955 12,5;
391 3889 518 3941 Coos.BC.
535 3891 559 3955 3,
574 3891 621 3958 31;
639 3887 758 3943 Tacrln.
773 3893 797 3954 3,
813 3894 853 3945 54.
868 3917 899 3928 -
915 3894 1003 3942 0000001
1016 3891 1070 3942 don.
1086 3889 1120 3938 101
1133 3888 1183 3940 mit
