<?xml version="1.0" encoding="UTF-8"?>
<!DOCTYPE html PUBLIC "-//W3C//DTD XHTML 1.0 Transitional//EN"
    "http://www.w3.org/TR/xhtml1/DTD/xhtml1-transitional.dtd">
<html xmlns="http://www.w3.org/1999/xhtml" xml:lang="en" lang="en">
 <head>
  <title>
</title>
<meta http-equiv="Content-Type" content="text/html;charset=utf-8" />
  <meta name='ocr-system' content='tesseract 3.04.00' />
  <meta name='ocr-capabilities' content='ocr_page ocr_carea ocr_par ocr_line ocrx_word'/>
</head>
<body>
  <div class='ocr_page' id='page_1' title='image "./aburbeconditali00weisgoog_0293.png"; bbox 0 0 2784 4198; ppageno 0'>
   <div class='ocr_carea' id='block_1_1' title="bbox 208 159 1267 225">
    <p class='ocr_par' dir='ltr' id='par_1_1' title="bbox 208 159 1267 225">
     <span class='ocr_line' id='line_1_1' title="bbox 208 159 1267 225; baseline -0.012 -1"><span class='ocrx_word' id='word_1_1' title='bbox 208 159 271 224; x_wconf 72' lang='lat'><strong>282</strong></span> <span class='ocrx_word' id='word_1_2' title='bbox 571 159 667 211; x_wconf 76' lang='lat' dir='ltr'>LIBER</span> <span class='ocrx_word' id='word_1_3' title='bbox 685 160 715 213; x_wconf 88' lang='lat' dir='ltr'><strong>V.</strong></span> <span class='ocrx_word' id='word_1_4' title='bbox 751 159 819 211; x_wconf 85' lang='lat' dir='ltr'>CAP.</span> <span class='ocrx_word' id='word_1_5' title='bbox 838 164 861 213; x_wconf 87' lang='lat'><strong>2.</strong></span> <span class='ocrx_word' id='word_1_6' title='bbox 882 162 905 212; x_wconf 87' lang='grc'><strong>3.</strong></span> <span class='ocrx_word' id='word_1_7' title='bbox 1045 203 1047 206; x_wconf 92' lang='grc'><strong>.</strong></span> <span class='ocrx_word' id='word_1_8' title='bbox 1157 181 1178 211; x_wconf 82' lang='grc'><strong>4.</strong></span> <span class='ocrx_word' id='word_1_9' title='bbox 1191 181 1213 225; x_wconf 73' lang='lat' dir='ltr'><strong>p.</strong></span> <span class='ocrx_word' id='word_1_10' title='bbox 1226 169 1267 211; x_wconf 87' lang='grc'><strong>351.</strong></span> 
     </span>
    </p>
   </div>
   <div class='ocr_carea' id='block_1_2' title="bbox 161 312 1269 2015">
    <p class='ocr_par' dir='ltr' id='par_1_2' title="bbox 161 312 1269 2015">
     <span class='ocr_line' id='line_1_2' title="bbox 161 312 1266 393; baseline 0 -21"><span class='ocrx_word' id='word_1_11' title='bbox 161 323 192 372; x_wconf 86' lang='lat' dir='ltr'>to</span> <span class='ocrx_word' id='word_1_12' title='bbox 208 316 258 378; x_wconf 94' lang='lat' dir='ltr'>ulli</span> <span class='ocrx_word' id='word_1_13' title='bbox 276 314 399 393; x_wconf 90' lang='lat' dir='ltr'>plebeio.</span> <span class='ocrx_word' id='word_1_14' title='bbox 437 323 520 375; x_wconf 89' lang='lat' dir='ltr'>antea</span> <span class='ocrx_word' id='word_1_15' title='bbox 540 315 616 376; x_wconf 88' lang='lat' dir='ltr'>trina</span> <span class='ocrx_word' id='word_1_16' title='bbox 637 317 700 375; x_wconf 89' lang='lat' dir='ltr'>loca</span> <span class='ocrx_word' id='word_1_17' title='bbox 719 334 788 376; x_wconf 89' lang='lat' dir='ltr'><strong>cum</strong></span> <span class='ocrx_word' id='word_1_18' title='bbox 801 314 989 375; x_wconf 74' lang='lat' dir='ltr'>contentione</span> <span class='ocrx_word' id='word_1_19' title='bbox 1006 331 1122 374; x_wconf 91' lang='lat' dir='ltr'>summa</span> <span class='ocrx_word' id='word_1_20' title='bbox 1136 312 1266 390; x_wconf 86' lang='lat' dir='ltr'>patricios</span> 
     </span>
     <span class='ocr_line' id='line_1_3' title="bbox 208 397 1267 479; baseline -0.004 -19"><span class='ocrx_word' id='word_1_21' title='bbox 208 401 324 478; x_wconf 84' lang='lat' dir='ltr'>explere</span> <span class='ocrx_word' id='word_1_22' title='bbox 341 400 449 474; x_wconf 91' lang='lat' dir='ltr'>solitos,</span> <span class='ocrx_word' id='word_1_23' title='bbox 472 402 624 461; x_wconf 89' lang='lat' dir='ltr'>nunciam</span> <span class='ocrx_word' id='word_1_24' title='bbox 642 401 790 479; x_wconf 76' lang='lat' dir='ltr'><strong>octoiuges</strong></span> <span class='ocrx_word' id='word_1_25' title='bbox 806 401 842 460; x_wconf 92' lang='lat' dir='ltr'><strong>ad</strong></span> <span class='ocrx_word' id='word_1_26' title='bbox 857 401 981 479; x_wconf 92' lang='lat' dir='ltr'>imperia</span> <span class='ocrx_word' id='word_1_27' title='bbox 997 397 1158 459; x_wconf 91' lang='lat' dir='ltr'>obtinenda</span> <span class='ocrx_word' id='word_1_28' title='bbox 1172 397 1222 473; x_wconf 90' lang='lat' dir='ltr'>ire,</span> <span class='ocrx_word' id='word_1_29' title='bbox 1243 405 1267 457; x_wconf 88' lang='lat' dir='ltr'><strong>et</strong></span> 
     </span>
     <span class='ocr_line' id='line_1_4' title="bbox 162 483 1268 565; baseline 0 -23"><span class='ocrx_word' id='word_1_30' title='bbox 162 493 245 546; x_wconf 87' lang='lat' dir='ltr'>11ne</span> <span class='ocrx_word' id='word_1_31' title='bbox 266 485 298 546; x_wconf 92' lang='lat' dir='ltr'>in</span> <span class='ocrx_word' id='word_1_32' title='bbox 317 485 403 546; x_wconf 90' lang='lat' dir='ltr'>turba</span> <span class='ocrx_word' id='word_1_33' title='bbox 425 486 544 565; x_wconf 89' lang='lat' dir='ltr'>quidem</span> <span class='ocrx_word' id='word_1_34' title='bbox 567 487 685 547; x_wconf 85' lang='lat' dir='ltr'>haerere</span> <span class='ocrx_word' id='word_1_35' title='bbox 705 487 852 564; x_wconf 89' lang='lat' dir='ltr'>plebeium</span> <span class='ocrx_word' id='word_1_36' title='bbox 868 503 1057 564; x_wconf 84' lang='lat' dir='ltr'>quemquam,</span> <span class='ocrx_word' id='word_1_37' title='bbox 1078 484 1140 561; x_wconf 90' lang='lat' dir='ltr'>qui,</span> <span class='ocrx_word' id='word_1_38' title='bbox 1163 483 1188 542; x_wconf 91' lang='lat' dir='ltr'>si</span> <span class='ocrx_word' id='word_1_39' title='bbox 1204 483 1268 542; x_wconf 90' lang='lat' dir='ltr'>nihil</span> 
     </span>
     <span class='ocr_line' id='line_1_5' title="bbox 208 567 1267 650; baseline -0.004 -18"><span class='ocrx_word' id='word_1_40' title='bbox 208 571 295 647; x_wconf 89' lang='lat' dir='ltr'>aliud,</span> <span class='ocrx_word' id='word_1_41' title='bbox 319 571 473 632; x_wconf 89' lang='lat' dir='ltr'>admoneat</span> <span class='ocrx_word' id='word_1_42' title='bbox 490 572 612 650; x_wconf 83' lang='lat' dir='ltr'>collegas</span> <span class='ocrx_word' id='word_1_43' title='bbox 628 573 736 632; x_wconf 88' lang='lat' dir='ltr'>liberos</span> <span class='ocrx_word' id='word_1_44' title='bbox 752 580 780 632; x_wconf 90' lang='lat' dir='ltr'><strong>et</strong></span> <span class='ocrx_word' id='word_1_45' title='bbox 796 571 867 631; x_wconf 86' lang='lat' dir='ltr'>civis</span> <span class='ocrx_word' id='word_1_46' title='bbox 882 589 987 630; x_wconf 89' lang='lat' dir='ltr'>eorum</span> <span class='ocrx_word' id='word_1_47' title='bbox 1001 587 1063 629; x_wconf 94' lang='lat' dir='ltr'><strong>non</strong></span> <span class='ocrx_word' id='word_1_48' title='bbox 1078 587 1183 628; x_wconf 88' lang='lat' dir='ltr'>servos</span> <span class='ocrx_word' id='word_1_49' title='bbox 1200 567 1267 628; x_wconf 92' lang='lat' dir='ltr'>mili-</span> 
     </span>
     <span class='ocr_line' id='line_1_6' title="bbox 163 655 1269 735; baseline 0 -22"><span class='ocrx_word' id='word_1_50' title='bbox 163 664 277 730; x_wconf 78' lang='grc'><strong>111444,</strong></span> <span class='ocrx_word' id='word_1_51' title='bbox 300 674 375 735; x_wconf 91' lang='lat' dir='ltr'>quos</span> <span class='ocrx_word' id='word_1_52' title='bbox 398 657 493 717; x_wconf 90' lang='lat' dir='ltr'>bieme</span> <span class='ocrx_word' id='word_1_53' title='bbox 514 658 613 718; x_wconf 83' lang='lat' dir='ltr'>saltem</span> <span class='ocrx_word' id='word_1_54' title='bbox 634 659 666 718; x_wconf 87' lang='lat' dir='ltr'>in</span> <span class='ocrx_word' id='word_1_55' title='bbox 686 657 790 716; x_wconf 90' lang='lat' dir='ltr'>domos</span> <span class='ocrx_word' id='word_1_56' title='bbox 810 675 843 716; x_wconf 91' lang='lat' dir='ltr'><strong>ac</strong></span> <span class='ocrx_word' id='word_1_57' title='bbox 863 663 937 716; x_wconf 84' lang='lat' dir='ltr'>tecta</span> <span class='ocrx_word' id='word_1_58' title='bbox 958 655 1061 715; x_wconf 81' lang='lat' dir='ltr'>reduci</span> <span class='ocrx_word' id='word_1_59' title='bbox 1082 662 1225 732; x_wconf 82' lang='lat' dir='ltr'>oporteat,</span> <span class='ocrx_word' id='word_1_60' title='bbox 1245 663 1269 712; x_wconf 89' lang='lat' dir='ltr'><strong>et</strong></span> 
     </span>
     <span class='ocr_line' id='line_1_7' title="bbox 208 739 1269 822; baseline -0.005 -20"><span class='ocrx_word' id='word_1_61' title='bbox 208 742 305 819; x_wconf 90' lang='lat' dir='ltr'>aliquo</span> <span class='ocrx_word' id='word_1_62' title='bbox 326 752 459 820; x_wconf 88' lang='lat' dir='ltr'>tempore</span> <span class='ocrx_word' id='word_1_63' title='bbox 480 743 549 802; x_wconf 86' lang='lat' dir='ltr'>anni</span> <span class='ocrx_word' id='word_1_64' title='bbox 570 743 699 822; x_wconf 91' lang='lat' dir='ltr'>parentis</span> <span class='ocrx_word' id='word_1_65' title='bbox 718 742 885 818; x_wconf 89' lang='lat' dir='ltr'>liberosque</span> <span class='ocrx_word' id='word_1_66' title='bbox 901 760 934 800; x_wconf 95' lang='lat' dir='ltr'><strong>ac</strong></span> <span class='ocrx_word' id='word_1_67' title='bbox 949 741 1088 819; x_wconf 87' lang='lat' dir='ltr'>coniuges</span> <span class='ocrx_word' id='word_1_68' title='bbox 1105 739 1232 800; x_wconf 87' lang='lat' dir='ltr'>inrisere</span> <span class='ocrx_word' id='word_1_69' title='bbox 1245 746 1269 797; x_wconf 89' lang='lat' dir='ltr'><strong>et</strong></span> 
     </span>
     <span class='ocr_line' id='line_1_8' title="bbox 163 823 1267 906; baseline -0.002 -22"><span class='ocrx_word' id='word_1_70' title='bbox 163 835 193 885; x_wconf 84' lang='grc'><strong>11</strong></span> <span class='ocrx_word' id='word_1_71' title='bbox 207 846 351 904; x_wconf 85' lang='lat' dir='ltr'>usurpare</span> <span class='ocrx_word' id='word_1_72' title='bbox 372 828 534 888; x_wconf 86' lang='lat' dir='ltr'>libertatem</span> <span class='ocrx_word' id='word_1_73' title='bbox 556 836 584 888; x_wconf 93' lang='lat' dir='ltr'><strong>et</strong></span> <span class='ocrx_word' id='word_1_74' title='bbox 606 847 704 889; x_wconf 85' lang='lat' dir='ltr'>creare</span> <span class='ocrx_word' id='word_1_75' title='bbox 726 828 920 906; x_wconf 79' lang='lat' dir='ltr'><strong>magistratus,</strong></span> <span class='ocrx_word' id='word_1_76' title='bbox 961 827 1031 886; x_wconf 86' lang='lat' dir='ltr'>baec</span> <span class='ocrx_word' id='word_1_77' title='bbox 1050 825 1179 902; x_wconf 84' lang='lat' dir='ltr'>taliaque</span> <span class='ocrx_word' id='word_1_78' title='bbox 1194 823 1267 883; x_wconf 86' lang='lat' dir='ltr'>roci·</span> 
     </span>
     <span class='ocr_line' id='line_1_9' title="bbox 208 910 1268 992; baseline -0.003 -21"><span class='ocrx_word' id='word_1_79' title='bbox 208 915 334 973; x_wconf 85' lang='lat' dir='ltr'>ferentes</span> <span class='ocrx_word' id='word_1_80' title='bbox 345 913 544 974; x_wconf 84' lang='lat' dir='ltr'>adversarium</span> <span class='ocrx_word' id='word_1_81' title='bbox 560 914 637 974; x_wconf 91' lang='lat' dir='ltr'>haud</span> <span class='ocrx_word' id='word_1_82' title='bbox 653 915 785 992; x_wconf 90' lang='lat' dir='ltr'>inparem</span> <span class='ocrx_word' id='word_1_83' title='bbox 801 914 878 973; x_wconf 86' lang='lat' dir='ltr'>nacti</span> <span class='ocrx_word' id='word_1_84' title='bbox 891 921 962 972; x_wconf 91' lang='lat' dir='ltr'>sunt</span> <span class='ocrx_word' id='word_1_85' title='bbox 976 912 1030 991; x_wconf 81' lang='lat' dir='ltr'><strong>Ap.</strong></span> <span class='ocrx_word' id='word_1_86' title='bbox 1046 910 1212 984; x_wconf 88' lang='lat' dir='ltr'>Claudium,</span> <span class='ocrx_word' id='word_1_87' title='bbox 1227 927 1268 967; x_wconf 86' lang='lat' dir='ltr'>re·</span> 
     </span>
     <span class='ocr_line' id='line_1_10' title="bbox 207 995 1268 1076; baseline -0.004 -19"><span class='ocrx_word' id='word_1_88' title='bbox 207 997 306 1058; x_wconf 89' lang='lat' dir='ltr'>lictum</span> <span class='ocrx_word' id='word_1_89' title='bbox 328 1017 343 1058; x_wconf 85' lang='lat' dir='ltr'>a</span> <span class='ocrx_word' id='word_1_90' title='bbox 366 998 482 1076; x_wconf 87' lang='lat' dir='ltr'>collegis</span> <span class='ocrx_word' id='word_1_91' title='bbox 503 998 540 1058; x_wconf 92' lang='lat' dir='ltr'><strong>ad</strong></span> <span class='ocrx_word' id='word_1_92' title='bbox 561 998 731 1060; x_wconf 83' lang='lat' dir='ltr'>tribunicias</span> <span class='ocrx_word' id='word_1_93' title='bbox 745 998 902 1059; x_wconf 87' lang='lat' dir='ltr'><strong>seditiones</strong></span> <span class='ocrx_word' id='word_1_94' title='bbox 919 996 1158 1076; x_wconf 78' lang='lat' dir='ltr'>conprimendos,</span> <span class='ocrx_word' id='word_1_95' title='bbox 1181 995 1268 1054; x_wconf 89' lang='lat' dir='ltr'>virum</span> 
     </span>
     <span class='ocr_line' id='line_1_11' title="bbox 163 1083 1268 1162; baseline -0.002 -22"><span class='ocrx_word' id='word_1_96' title='bbox 163 1091 194 1140; x_wconf 81' lang='lat'><strong>14</strong></span> <span class='ocrx_word' id='word_1_97' title='bbox 207 1083 344 1144; x_wconf 89' lang='lat' dir='ltr'>inbutum</span> <span class='ocrx_word' id='word_1_98' title='bbox 365 1084 422 1142; x_wconf 89' lang='lat' dir='ltr'>iam</span> <span class='ocrx_word' id='word_1_99' title='bbox 442 1083 477 1143; x_wconf 83' lang='lat' dir='ltr'><strong>ab</strong></span> <span class='ocrx_word' id='word_1_100' title='bbox 499 1084 617 1145; x_wconf 84' lang='lat' dir='ltr'>iuventa</span> <span class='ocrx_word' id='word_1_101' title='bbox 640 1084 846 1145; x_wconf 83' lang='lat' dir='ltr'>certaminibus</span> <span class='ocrx_word' id='word_1_102' title='bbox 868 1083 987 1162; x_wconf 89' lang='lat' dir='ltr'>plebeis,</span> <span class='ocrx_word' id='word_1_103' title='bbox 1010 1100 1102 1161; x_wconf 85' lang='lat' dir='ltr'>quem</span> <span class='ocrx_word' id='word_1_104' title='bbox 1125 1089 1268 1142; x_wconf 83' lang='lat' dir='ltr'>auctorem</span> 
     </span>
     <span class='ocr_line' id='line_1_12' title="bbox 207 1166 1267 1246; baseline -0.004 -18"><span class='ocrx_word' id='word_1_105' title='bbox 207 1169 318 1246; x_wconf 83' lang='lat' dir='ltr'>aliquot</span> <span class='ocrx_word' id='word_1_106' title='bbox 339 1168 423 1230; x_wconf 89' lang='lat' dir='ltr'>annis</span> <span class='ocrx_word' id='word_1_107' title='bbox 443 1177 508 1230; x_wconf 89' lang='lat' dir='ltr'>ante</span> <span class='ocrx_word' id='word_1_108' title='bbox 530 1170 622 1230; x_wconf 87' lang='lat' dir='ltr'>fuisse</span> <span class='ocrx_word' id='word_1_109' title='bbox 643 1178 837 1231; x_wconf 89' lang='lat' dir='ltr'>memoratum</span> <span class='ocrx_word' id='word_1_110' title='bbox 856 1177 901 1229; x_wconf 91' lang='lat' dir='ltr'><strong>est</strong></span> <span class='ocrx_word' id='word_1_111' title='bbox 918 1186 971 1246; x_wconf 88' lang='lat' dir='ltr'>per</span> <span class='ocrx_word' id='word_1_112' title='bbox 987 1169 1169 1246; x_wconf 81' lang='lat' dir='ltr'>collegarum</span> <span class='ocrx_word' id='word_1_113' title='bbox 1183 1166 1267 1226; x_wconf 90' lang='lat' dir='ltr'>inter-</span> 
     </span>
     <span class='ocr_line' id='line_1_13' title="bbox 208 1253 944 1333; baseline 0 -20"><span class='ocrx_word' id='word_1_114' title='bbox 208 1253 371 1314; x_wconf 88' lang='lat' dir='ltr'>cessionem</span> <span class='ocrx_word' id='word_1_115' title='bbox 385 1253 557 1315; x_wconf 86' lang='lat' dir='ltr'>tribuniciae</span> <span class='ocrx_word' id='word_1_116' title='bbox 571 1257 719 1333; x_wconf 85' lang='lat' dir='ltr'>potestatis</span> <span class='ocrx_word' id='word_1_117' title='bbox 735 1253 944 1316; x_wconf 85' lang='lat' dir='ltr'>dissolvendae.</span> 
     </span>
     <span class='ocr_line' id='line_1_14' title="bbox 170 1335 1267 1418; baseline -0.004 -22"><span class='ocrx_word' id='word_1_118' title='bbox 170 1335 194 1396; x_wconf 86' lang='grc'><strong>3</strong></span> <span class='ocrx_word' id='word_1_119' title='bbox 291 1339 319 1398; x_wconf 85' lang='grc'><strong>14</strong></span> <span class='ocrx_word' id='word_1_120' title='bbox 343 1346 407 1398; x_wconf 92' lang='lat' dir='ltr'>tum</span> <span class='ocrx_word' id='word_1_121' title='bbox 427 1339 485 1399; x_wconf 91' lang='lat' dir='ltr'>iam</span> <span class='ocrx_word' id='word_1_122' title='bbox 506 1357 567 1398; x_wconf 91' lang='lat' dir='ltr'><strong>non</strong></span> <span class='ocrx_word' id='word_1_123' title='bbox 589 1347 744 1418; x_wconf 90' lang='lat' dir='ltr'>promptus</span> <span class='ocrx_word' id='word_1_124' title='bbox 766 1339 884 1418; x_wconf 86' lang='lat' dir='ltr'>ingenio</span> <span class='ocrx_word' id='word_1_125' title='bbox 904 1346 1019 1398; x_wconf 89' lang='lat' dir='ltr'>tantum</span> <span class='ocrx_word' id='word_1_126' title='bbox 1040 1337 1094 1397; x_wconf 91' lang='lat' dir='ltr'>sed</span> <span class='ocrx_word' id='word_1_127' title='bbox 1116 1355 1175 1396; x_wconf 94' lang='lat' dir='ltr'><strong>usu</strong></span> <span class='ocrx_word' id='word_1_128' title='bbox 1192 1335 1267 1396; x_wconf 85' lang='lat' dir='ltr'>etiam</span> 
     </span>
     <span class='ocr_line' id='line_1_15' title="bbox 176 1421 1266 1501; baseline 0 -22"><span class='ocrx_word' id='word_1_129' title='bbox 176 1427 193 1478; x_wconf 84' lang='lat'>2</span> <span class='ocrx_word' id='word_1_130' title='bbox 208 1422 378 1483; x_wconf 80' lang='lat' dir='ltr'>exercitatus</span> <span class='ocrx_word' id='word_1_131' title='bbox 397 1424 482 1484; x_wconf 88' lang='lat' dir='ltr'>talem</span> <span class='ocrx_word' id='word_1_132' title='bbox 503 1425 664 1485; x_wconf 89' lang='lat' dir='ltr'>orationem</span> <span class='ocrx_word' id='word_1_133' title='bbox 681 1424 797 1486; x_wconf 88' lang='lat' dir='ltr'>habuit:</span> <span class='ocrx_word' id='word_1_134' title='bbox 820 1426 863 1497; x_wconf 90' lang='lat' dir='ltr'>„si</span> <span class='ocrx_word' id='word_1_135' title='bbox 880 1441 1022 1501; x_wconf 87' lang='lat' dir='ltr'>umquam</span> <span class='ocrx_word' id='word_1_136' title='bbox 1040 1421 1207 1483; x_wconf 89' lang='lat' dir='ltr'>dubitatum</span> <span class='ocrx_word' id='word_1_137' title='bbox 1221 1427 1266 1494; x_wconf 87' lang='lat' dir='ltr'>est,</span> 
     </span>
     <span class='ocr_line' id='line_1_16' title="bbox 207 1507 1266 1590; baseline -0.004 -22"><span class='ocrx_word' id='word_1_138' title='bbox 207 1507 344 1581; x_wconf 85' lang='lat' dir='ltr'>Quirites,</span> <span class='ocrx_word' id='word_1_139' title='bbox 366 1516 466 1569; x_wconf 92' lang='lat' dir='ltr'>utrum</span> <span class='ocrx_word' id='word_1_140' title='bbox 488 1509 718 1590; x_wconf 82' lang='lat' dir='ltr'>tribuniplebis·</span> <span class='ocrx_word' id='word_1_141' title='bbox 735 1518 831 1571; x_wconf 83' lang='lat' dir='ltr'>vestra</span> <span class='ocrx_word' id='word_1_142' title='bbox 851 1527 888 1570; x_wconf 88' lang='lat' dir='ltr'><strong>an</strong></span> <span class='ocrx_word' id='word_1_143' title='bbox 911 1527 963 1570; x_wconf 92' lang='lat' dir='ltr'><strong>sua</strong></span> <span class='ocrx_word' id='word_1_144' title='bbox 986 1527 1073 1569; x_wconf 87' lang='lat' dir='ltr'>causa</span> <span class='ocrx_word' id='word_1_145' title='bbox 1096 1507 1266 1568; x_wconf 88' lang='lat' dir='ltr'>seditionum</span> 
     </span>
     <span class='ocr_line' id='line_1_17' title="bbox 207 1593 1265 1674; baseline -0.002 -22"><span class='ocrx_word' id='word_1_146' title='bbox 207 1611 325 1672; x_wconf 89' lang='lat' dir='ltr'>semper</span> <span class='ocrx_word' id='word_1_147' title='bbox 347 1601 480 1654; x_wconf 86' lang='lat' dir='ltr'>auctores</span> <span class='ocrx_word' id='word_1_148' title='bbox 499 1596 618 1672; x_wconf 83' lang='lat' dir='ltr'>fuerint,</span> <span class='ocrx_word' id='word_1_149' title='bbox 639 1595 670 1656; x_wconf 93' lang='lat' dir='ltr'>id</span> <span class='ocrx_word' id='word_1_150' title='bbox 691 1614 744 1674; x_wconf 83' lang='lat' dir='ltr'>ego</span> <span class='ocrx_word' id='word_1_151' title='bbox 765 1596 822 1656; x_wconf 89' lang='lat' dir='ltr'><strong>hoc</strong></span> <span class='ocrx_word' id='word_1_152' title='bbox 844 1613 922 1655; x_wconf 91' lang='lat' dir='ltr'>anno</span> <span class='ocrx_word' id='word_1_153' title='bbox 939 1594 1050 1654; x_wconf 89' lang='lat' dir='ltr'>desisse</span> <span class='ocrx_word' id='word_1_154' title='bbox 1066 1593 1196 1654; x_wconf 89' lang='lat' dir='ltr'>dubitari</span> <span class='ocrx_word' id='word_1_155' title='bbox 1208 1609 1265 1650; x_wconf 86' lang='lat' dir='ltr'>cer-</span> 
     </span>
     <span class='ocr_line' id='line_1_18' title="bbox 174 1677 1265 1759; baseline -0.003 -21"><span class='ocrx_word' id='word_1_156' title='bbox 174 1680 269 1738; x_wconf 78' lang='lat' dir='ltr'>3tum</span> <span class='ocrx_word' id='word_1_157' title='bbox 292 1677 402 1752; x_wconf 84' lang='lat' dir='ltr'>hahe03</span> <span class='ocrx_word' id='word_1_158' title='bbox 425 1687 453 1740; x_wconf 89' lang='lat' dir='ltr'><strong>et</strong></span> <span class='ocrx_word' id='word_1_159' title='bbox 471 1698 538 1740; x_wconf 88' lang='lat' dir='ltr'>eum</span> <span class='ocrx_word' id='word_1_160' title='bbox 559 1681 651 1740; x_wconf 88' lang='lat' dir='ltr'>laetor</span> <span class='ocrx_word' id='word_1_161' title='bbox 668 1682 785 1741; x_wconf 92' lang='lat' dir='ltr'>tandem</span> <span class='ocrx_word' id='word_1_162' title='bbox 801 1680 882 1759; x_wconf 82' lang='lat' dir='ltr'>longi</span> <span class='ocrx_word' id='word_1_163' title='bbox 896 1680 1005 1740; x_wconf 89' lang='lat' dir='ltr'>erroris</span> <span class='ocrx_word' id='word_1_164' title='bbox 1021 1677 1107 1739; x_wconf 91' lang='lat' dir='ltr'>vobis</span> <span class='ocrx_word' id='word_1_165' title='bbox 1124 1679 1213 1738; x_wconf 87' lang='lat' dir='ltr'>tinem</span> <span class='ocrx_word' id='word_1_166' title='bbox 1227 1679 1265 1735; x_wconf 86' lang='lat' dir='ltr'><strong>la-</strong></span> 
     </span>
     <span class='ocr_line' id='line_1_19' title="bbox 207 1763 1263 1845; baseline -0.003 -22"><span class='ocrx_word' id='word_1_167' title='bbox 207 1772 287 1824; x_wconf 89' lang='lat' dir='ltr'>ctum</span> <span class='ocrx_word' id='word_1_168' title='bbox 302 1783 373 1836; x_wconf 88' lang='lat' dir='ltr'>esse,</span> <span class='ocrx_word' id='word_1_169' title='bbox 391 1772 464 1838; x_wconf 93' lang='lat' dir='ltr'>tum,</span> <span class='ocrx_word' id='word_1_170' title='bbox 482 1766 561 1843; x_wconf 88' lang='lat' dir='ltr'>quod</span> <span class='ocrx_word' id='word_1_171' title='bbox 578 1767 714 1826; x_wconf 87' lang='lat' dir='ltr'>secundis</span> <span class='ocrx_word' id='word_1_172' title='bbox 729 1767 917 1845; x_wconf 87' lang='lat' dir='ltr'>potissimum</span> <span class='ocrx_word' id='word_1_173' title='bbox 934 1765 1037 1825; x_wconf 83' lang='lat' dir='ltr'>vestris</span> <span class='ocrx_word' id='word_1_174' title='bbox 1053 1763 1147 1824; x_wconf 91' lang='lat' dir='ltr'>rebus</span> <span class='ocrx_word' id='word_1_175' title='bbox 1162 1763 1208 1822; x_wconf 87' lang='lat' dir='ltr'>hic</span> <span class='ocrx_word' id='word_1_176' title='bbox 1223 1779 1263 1821; x_wconf 87' lang='lat' dir='ltr'>er·</span> 
     </span>
     <span class='ocr_line' id='line_1_20' title="bbox 206 1847 1263 1930; baseline -0.004 -22"><span class='ocrx_word' id='word_1_177' title='bbox 206 1867 262 1908; x_wconf 88' lang='lat' dir='ltr'><strong>ror</strong></span> <span class='ocrx_word' id='word_1_178' title='bbox 279 1860 322 1910; x_wconf 89' lang='lat' dir='ltr'><strong>est</strong></span> <span class='ocrx_word' id='word_1_179' title='bbox 341 1850 481 1924; x_wconf 91' lang='lat' dir='ltr'>sublatus,</span> <span class='ocrx_word' id='word_1_180' title='bbox 503 1859 532 1911; x_wconf 89' lang='lat' dir='ltr'><strong>et</strong></span> <span class='ocrx_word' id='word_1_181' title='bbox 552 1851 636 1912; x_wconf 86' lang='lat' dir='ltr'>vobis</span> <span class='ocrx_word' id='word_1_182' title='bbox 654 1861 682 1912; x_wconf 89' lang='lat' dir='ltr'><strong>et</strong></span> <span class='ocrx_word' id='word_1_183' title='bbox 704 1860 825 1930; x_wconf 92' lang='lat' dir='ltr'>propter</span> <span class='ocrx_word' id='word_1_184' title='bbox 847 1869 900 1911; x_wconf 83' lang='lat' dir='ltr'><strong>vos</strong></span> <span class='ocrx_word' id='word_1_185' title='bbox 922 1851 964 1910; x_wconf 92' lang='lat' dir='ltr'><strong>rei</strong></span> <span class='ocrx_word' id='word_1_186' title='bbox 982 1849 1119 1928; x_wconf 87' lang='lat' dir='ltr'>publicae</span> <span class='ocrx_word' id='word_1_187' title='bbox 1134 1847 1263 1927; x_wconf 82' lang='lat' dir='ltr'>gratulor.</span> 
     </span>
     <span class='ocr_line' id='line_1_21' title="bbox 175 1934 1264 2015; baseline -0.002 -22"><span class='ocrx_word' id='word_1_188' title='bbox 175 1937 243 1994; x_wconf 73' lang='lat' dir='ltr'><strong>lan</strong></span> <span class='ocrx_word' id='word_1_189' title='bbox 257 1943 300 1994; x_wconf 91' lang='lat' dir='ltr'><strong>est</strong></span> <span class='ocrx_word' id='word_1_190' title='bbox 314 1935 479 2012; x_wconf 88' lang='lat' dir='ltr'>quisquam,</span> <span class='ocrx_word' id='word_1_191' title='bbox 501 1937 552 2015; x_wconf 93' lang='lat' dir='ltr'>qui</span> <span class='ocrx_word' id='word_1_192' title='bbox 573 1936 684 1998; x_wconf 90' lang='lat' dir='ltr'>dubitet</span> <span class='ocrx_word' id='word_1_193' title='bbox 698 1937 785 1997; x_wconf 93' lang='lat' dir='ltr'>nullis</span> <span class='ocrx_word' id='word_1_194' title='bbox 800 1936 915 1997; x_wconf 90' lang='lat' dir='ltr'>iniuriis</span> <span class='ocrx_word' id='word_1_195' title='bbox 931 1935 1043 2007; x_wconf 89' lang='lat' dir='ltr'>vestris,</span> <span class='ocrx_word' id='word_1_196' title='bbox 1066 1934 1092 1994; x_wconf 93' lang='lat' dir='ltr'>si</span> <span class='ocrx_word' id='word_1_197' title='bbox 1107 1952 1183 2014; x_wconf 90' lang='lat' dir='ltr'>quae</span> <span class='ocrx_word' id='word_1_198' title='bbox 1198 1935 1264 1992; x_wconf 83' lang='lat' dir='ltr'>sorte</span> 
     </span>
    </p>
   </div>
   <div class='ocr_carea' id='block_1_3' title="bbox 201 2170 1339 3253">
    <p class='ocr_par' dir='ltr' id='par_1_3' title="bbox 202 2170 1339 2376">
     <span class='ocr_line' id='line_1_22' title="bbox 202 2170 1339 2238; baseline 0 -18"><span class='ocrx_word' id='word_1_199' title='bbox 202 2173 250 2221; x_wconf 76' lang='lat' dir='ltr'><strong>olli</strong></span> <span class='ocrx_word' id='word_1_200' title='bbox 265 2186 286 2221; x_wconf 91' lang='grc'><strong>4.</strong></span> <span class='ocrx_word' id='word_1_201' title='bbox 305 2174 329 2233; x_wconf 98' lang='grc'><strong>4,</strong></span> <span class='ocrx_word' id='word_1_202' title='bbox 351 2173 390 2233; x_wconf 90' lang='grc'><strong>11,</strong></span> <span class='ocrx_word' id='word_1_203' title='bbox 410 2176 434 2233; x_wconf 93' lang='grc'><strong>4,</strong></span> <span class='ocrx_word' id='word_1_204' title='bbox 456 2172 506 2235; x_wconf 77' lang='lat' dir='ltr'>vgl.</span> <span class='ocrx_word' id='word_1_205' title='bbox 528 2175 569 2236; x_wconf 90' lang='grc'><strong>39,</strong></span> <span class='ocrx_word' id='word_1_206' title='bbox 589 2176 630 2236; x_wconf 85' lang='grc'><strong>59,</strong></span> <span class='ocrx_word' id='word_1_207' title='bbox 652 2176 681 2238; x_wconf 81' lang='lat'><strong>43</strong></span> <span class='ocrx_word' id='word_1_208' title='bbox 703 2174 813 2237; x_wconf 75' lang='lat' dir='ltr'>dagegen</span> <span class='ocrx_word' id='word_1_209' title='bbox 835 2175 849 2235; x_wconf 81' lang='lat'>§</span> <span class='ocrx_word' id='word_1_210' title='bbox 873 2176 904 2226; x_wconf 92' lang='lat' dir='ltr'><strong>1o</strong></span> <span class='ocrx_word' id='word_1_211' title='bbox 924 2188 1065 2237; x_wconf 65' lang='lat' dir='ltr'><strong>quanquam</strong></span> <span class='ocrx_word' id='word_1_212' title='bbox 1083 2172 1135 2224; x_wconf 86' lang='lat' dir='ltr'><strong>wie</strong></span> <span class='ocrx_word' id='word_1_213' title='bbox 1155 2170 1263 2236; x_wconf 65' lang='grc'><strong>54413144-</strong></span> <span class='ocrx_word' id='word_1_214' title='bbox 1338 2207 1339 2232; x_wconf 78' lang='grc'><strong>,</strong></span> 
     </span>
     <span class='ocr_line' id='line_1_23' title="bbox 203 2235 1339 2294; baseline 0.009 -7"><span class='ocrx_word' id='word_1_215' title='bbox 203 2238 254 2288; x_wconf 86' lang='grc'><strong>11414</strong></span> <span class='ocrx_word' id='word_1_216' title='bbox 274 2238 314 2289; x_wconf 83' lang='grc'><strong>541</strong></span> <span class='ocrx_word' id='word_1_217' title='bbox 333 2239 411 2289; x_wconf 71' lang='lat' dir='ltr'><strong>nin</strong></span> <span class='ocrx_word' id='word_1_218' title='bbox 431 2239 573 2294; x_wconf 73' lang='lat' dir='ltr'>Accusatio.</span> <span class='ocrx_word' id='word_1_219' title='bbox 1338 2235 1339 2254; x_wconf 57' lang='lat'>¹</span> 
     </span>
     <span class='ocr_line' id='line_1_24' title="bbox 275 2308 1261 2376; baseline -0.007 -16"><span class='ocrx_word' id='word_1_220' title='bbox 275 2311 382 2362; x_wconf 86' lang='grc'><strong>10-14.</strong></span> <span class='ocrx_word' id='word_1_221' title='bbox 416 2315 490 2376; x_wconf 60' lang='lat' dir='ltr'>trina,</span> <span class='ocrx_word' id='word_1_222' title='bbox 510 2310 559 2360; x_wconf 89' lang='lat' dir='ltr'><strong>wie</strong></span> <span class='ocrx_word' id='word_1_223' title='bbox 579 2312 620 2373; x_wconf 85' lang='lat'>23,</span> <span class='ocrx_word' id='word_1_224' title='bbox 639 2313 681 2374; x_wconf 88' lang='grc'><strong>49,</strong></span> <span class='ocrx_word' id='word_1_225' title='bbox 702 2313 732 2362; x_wconf 83' lang='lat'><strong>6:</strong></span> <span class='ocrx_word' id='word_1_226' title='bbox 763 2314 830 2361; x_wconf 78' lang='lat' dir='ltr'>trina</span> <span class='ocrx_word' id='word_1_227' title='bbox 846 2320 925 2362; x_wconf 76' lang='lat' dir='ltr'>eastra</span> <span class='ocrx_word' id='word_1_228' title='bbox 942 2309 983 2361; x_wconf 83' lang='lat' dir='ltr'><strong>bei</strong></span> <span class='ocrx_word' id='word_1_229' title='bbox 1001 2309 1080 2359; x_wconf 87' lang='lat' dir='ltr'>einen</span> <span class='ocrx_word' id='word_1_230' title='bbox 1097 2308 1196 2376; x_wconf 85' lang='lat' dir='ltr'>plurale</span> <span class='ocrx_word' id='word_1_231' title='bbox 1213 2312 1261 2355; x_wconf 85' lang='grc'><strong>144-</strong></span> 
     </span>
    </p>

    <p class='ocr_par' dir='ltr' id='par_1_4' title="bbox 201 2375 1338 3253">
     <span class='ocr_line' id='line_1_25' title="bbox 201 2375 1262 2447; baseline -0.006 -20"><span class='ocrx_word' id='word_1_232' title='bbox 201 2382 263 2428; x_wconf 79' lang='grc'><strong>1414,</strong></span> <span class='ocrx_word' id='word_1_233' title='bbox 279 2405 314 2414; x_wconf 95' lang='grc'>-</span> <span class='ocrx_word' id='word_1_234' title='bbox 333 2395 398 2428; x_wconf 79' lang='lat' dir='ltr'>nune</span> <span class='ocrx_word' id='word_1_235' title='bbox 421 2384 482 2441; x_wconf 71' lang='grc'><strong>1444,</strong></span> <span class='ocrx_word' id='word_1_236' title='bbox 508 2380 560 2445; x_wconf 79' lang='lat' dir='ltr'>vgl.</span> <span class='ocrx_word' id='word_1_237' title='bbox 584 2383 608 2444; x_wconf 85' lang='lat'>3,</span> <span class='ocrx_word' id='word_1_238' title='bbox 626 2383 668 2447; x_wconf 84' lang='lat'>40,</span> <span class='ocrx_word' id='word_1_239' title='bbox 692 2381 730 2435; x_wconf 88' lang='grc'><strong>12.</strong></span> <span class='ocrx_word' id='word_1_240' title='bbox 745 2405 779 2415; x_wconf 94' lang='lat'><em>-</em></span> <span class='ocrx_word' id='word_1_241' title='bbox 799 2385 926 2444; x_wconf 70' lang='grc'><strong>4414114444,</strong></span> <span class='ocrx_word' id='word_1_242' title='bbox 952 2378 994 2428; x_wconf 87' lang='grc'><strong>414</strong></span> <span class='ocrx_word' id='word_1_243' title='bbox 1015 2378 1125 2442; x_wconf 78' lang='grc'><strong>4411444,</strong></span> <span class='ocrx_word' id='word_1_244' title='bbox 1152 2392 1199 2426; x_wconf 88' lang='lat' dir='ltr'><strong>von</strong></span> <span class='ocrx_word' id='word_1_245' title='bbox 1221 2375 1262 2423; x_wconf 89' lang='grc'><strong>144</strong></span> 
     </span>
     <span class='ocr_line' id='line_1_26' title="bbox 202 2445 1338 2514; baseline -0.005 -20"><span class='ocrx_word' id='word_1_246' title='bbox 202 2445 385 2498; x_wconf 86' lang='lat' dir='ltr'>circensiseben</span> <span class='ocrx_word' id='word_1_247' title='bbox 414 2447 527 2514; x_wconf 87' lang='lat' dir='ltr'>Spielen,</span> <span class='ocrx_word' id='word_1_248' title='bbox 563 2463 604 2498; x_wconf 86' lang='lat' dir='ltr'><strong>wo</strong></span> <span class='ocrx_word' id='word_1_249' title='bbox 637 2449 750 2498; x_wconf 88' lang='lat' dir='ltr'>nehrere</span> <span class='ocrx_word' id='word_1_250' title='bbox 779 2445 869 2498; x_wconf 83' lang='lat' dir='ltr'>Pierde</span> <span class='ocrx_word' id='word_1_251' title='bbox 897 2447 976 2499; x_wconf 86' lang='lat' dir='ltr'>neben</span> <span class='ocrx_word' id='word_1_252' title='bbox 1003 2447 1125 2498; x_wconf 82' lang='lat' dir='ltr'>einander</span> <span class='ocrx_word' id='word_1_253' title='bbox 1151 2447 1262 2511; x_wconf 78' lang='lat' dir='ltr'>gespannt</span> <span class='ocrx_word' id='word_1_254' title='bbox 1337 2487 1338 2512; x_wconf 62' lang='lat'>,</span> 
     </span>
     <span class='ocr_line' id='line_1_27' title="bbox 203 2512 1262 2580; baseline -0.008 -15"><span class='ocrx_word' id='word_1_255' title='bbox 203 2516 314 2580; x_wconf 83' lang='lat' dir='ltr'>worden,</span> <span class='ocrx_word' id='word_1_256' title='bbox 333 2516 632 2578; x_wconf 76' lang='grc'><strong>441141414414414441,</strong></span> <span class='ocrx_word' id='word_1_257' title='bbox 658 2516 709 2580; x_wconf 79' lang='lat' dir='ltr'>vgl.</span> <span class='ocrx_word' id='word_1_258' title='bbox 730 2519 753 2579; x_wconf 90' lang='grc'><strong>6,</strong></span> <span class='ocrx_word' id='word_1_259' title='bbox 776 2519 816 2579; x_wconf 84' lang='grc'><strong>31,</strong></span> <span class='ocrx_word' id='word_1_260' title='bbox 836 2519 860 2569; x_wconf 90' lang='grc'><strong>6,</strong></span> <span class='ocrx_word' id='word_1_261' title='bbox 880 2545 913 2552; x_wconf 96' lang='grc'>-</span> <span class='ocrx_word' id='word_1_262' title='bbox 931 2521 959 2567; x_wconf 76' lang='grc'><strong>144</strong></span> <span class='ocrx_word' id='word_1_263' title='bbox 978 2519 1100 2578; x_wconf 76' lang='grc'><strong>144141,</strong></span> <span class='ocrx_word' id='word_1_264' title='bbox 1122 2512 1262 2578; x_wconf 66' lang='grc'><strong>4454441141</strong></span> 
     </span>
     <span class='ocr_line' id='line_1_28' title="bbox 204 2583 1261 2649; baseline -0.001 -17"><span class='ocrx_word' id='word_1_265' title='bbox 204 2584 248 2633; x_wconf 89' lang='grc'><strong>144</strong></span> <span class='ocrx_word' id='word_1_266' title='bbox 265 2583 354 2649; x_wconf 80' lang='lat' dir='ltr'>Menge</span> <span class='ocrx_word' id='word_1_267' title='bbox 372 2611 407 2621; x_wconf 91' lang='lat'><em>-</em></span> <span class='ocrx_word' id='word_1_268' title='bbox 423 2585 462 2636; x_wconf 89' lang='grc'><strong>414</strong></span> <span class='ocrx_word' id='word_1_269' title='bbox 482 2585 576 2636; x_wconf 88' lang='lat' dir='ltr'>blosses</span> <span class='ocrx_word' id='word_1_270' title='bbox 594 2585 739 2649; x_wconf 81' lang='lat' dir='ltr'>Anhiingsel</span> <span class='ocrx_word' id='word_1_271' title='bbox 756 2585 838 2646; x_wconf 78' lang='lat' dir='ltr'>seien3</span> <span class='ocrx_word' id='word_1_272' title='bbox 864 2585 915 2636; x_wconf 88' lang='lat' dir='ltr'>Cic.</span> <span class='ocrx_word' id='word_1_273' title='bbox 934 2585 992 2636; x_wconf 74' lang='lat' dir='ltr'>Vat„</span> <span class='ocrx_word' id='word_1_274' title='bbox 1012 2589 1036 2649; x_wconf 78' lang='lat' dir='ltr'><strong>t,</strong></span> <span class='ocrx_word' id='word_1_275' title='bbox 1062 2587 1107 2636; x_wconf 73' lang='grc'><strong>114</strong></span> <span class='ocrx_word' id='word_1_276' title='bbox 1131 2590 1261 2635; x_wconf 78' lang='grc'><strong>144414-</strong></span> 
     </span>
     <span class='ocr_line' id='line_1_29' title="bbox 202 2646 1262 2720; baseline -0.004 -17"><span class='ocrx_word' id='word_1_277' title='bbox 202 2663 333 2703; x_wconf 71' lang='lat' dir='ltr'>eaetremum</span> <span class='ocrx_word' id='word_1_278' title='bbox 349 2657 498 2716; x_wconf 65' lang='lat' dir='ltr'>addentem</span> <span class='ocrx_word' id='word_1_279' title='bbox 522 2653 548 2705; x_wconf 90' lang='lat' dir='ltr'><strong>S.</strong></span> <span class='ocrx_word' id='word_1_280' title='bbox 567 2653 640 2704; x_wconf 84' lang='grc'><strong>11444.</strong></span> <span class='ocrx_word' id='word_1_281' title='bbox 659 2656 701 2714; x_wconf 90' lang='grc'><strong>32,</strong></span> <span class='ocrx_word' id='word_1_282' title='bbox 719 2656 765 2707; x_wconf 72' lang='grc'><strong>894</strong></span> <span class='ocrx_word' id='word_1_283' title='bbox 793 2659 820 2704; x_wconf 76' lang='lat' dir='ltr'>to</span> <span class='ocrx_word' id='word_1_284' title='bbox 836 2672 913 2720; x_wconf 70' lang='lat' dir='ltr'>prope.</span> <span class='ocrx_word' id='word_1_285' title='bbox 925 2680 959 2690; x_wconf 97' lang='lat'>—</span> <span class='ocrx_word' id='word_1_286' title='bbox 971 2658 1110 2716; x_wconf 79' lang='lat' dir='ltr'>admoneat,</span> <span class='ocrx_word' id='word_1_287' title='bbox 1131 2654 1175 2702; x_wconf 89' lang='grc'><strong>144</strong></span> <span class='ocrx_word' id='word_1_288' title='bbox 1194 2646 1262 2700; x_wconf 79' lang='lat' dir='ltr'>durch</span> 
     </span>
     <span class='ocr_line' id='line_1_30' title="bbox 204 2719 1337 2786; baseline 0.002 -18"><span class='ocrx_word' id='word_1_289' title='bbox 204 2719 273 2769; x_wconf 85' lang='grc'><strong>44144</strong></span> <span class='ocrx_word' id='word_1_290' title='bbox 301 2719 454 2786; x_wconf 84' lang='lat' dir='ltr'>Einspreche</span> <span class='ocrx_word' id='word_1_291' title='bbox 481 2723 518 2773; x_wconf 88' lang='lat' dir='ltr'><strong>sie</strong></span> <span class='ocrx_word' id='word_1_292' title='bbox 551 2723 630 2772; x_wconf 82' lang='grc'><strong>14444</strong></span> <span class='ocrx_word' id='word_1_293' title='bbox 654 2722 772 2774; x_wconf 83' lang='lat' dir='ltr'>erinnem</span> <span class='ocrx_word' id='word_1_294' title='bbox 795 2723 947 2774; x_wconf 78' lang='grc'><strong>134414-</strong></span> <span class='ocrx_word' id='word_1_295' title='bbox 968 2727 1039 2785; x_wconf 79' lang='grc'><strong>41414,</strong></span> <span class='ocrx_word' id='word_1_296' title='bbox 1070 2739 1089 2772; x_wconf 92' lang='grc'><strong>4.</strong></span> <span class='ocrx_word' id='word_1_297' title='bbox 1110 2725 1135 2784; x_wconf 87' lang='grc'><strong>4,</strong></span> <span class='ocrx_word' id='word_1_298' title='bbox 1155 2725 1178 2785; x_wconf 87' lang='grc'><strong>3,</strong></span> <span class='ocrx_word' id='word_1_299' title='bbox 1196 2720 1217 2770; x_wconf 91' lang='grc'><strong>3.</strong></span> <span class='ocrx_word' id='word_1_300' title='bbox 1232 2740 1261 2751; x_wconf 87' lang='grc'><strong>-</strong></span> <span class='ocrx_word' id='word_1_301' title='bbox 1336 2757 1337 2760; x_wconf 66' lang='lat'>,</span> 
     </span>
     <span class='ocr_line' id='line_1_31' title="bbox 204 2782 1261 2856; baseline -0.002 -16"><span class='ocrx_word' id='word_1_302' title='bbox 204 2804 287 2848; x_wconf 72' lang='grc'><strong>444444.</strong></span> <span class='ocrx_word' id='word_1_303' title='bbox 306 2792 354 2852; x_wconf 73' lang='lat' dir='ltr'>lib,</span> <span class='ocrx_word' id='word_1_304' title='bbox 374 2790 855 2856; x_wconf 62' lang='grc'><strong>11444411441414444144314414544,</strong></span> <span class='ocrx_word' id='word_1_305' title='bbox 875 2807 916 2842; x_wconf 88' lang='lat' dir='ltr'><strong>un</strong></span> <span class='ocrx_word' id='word_1_306' title='bbox 936 2807 983 2841; x_wconf 91' lang='lat' dir='ltr'><strong>nur</strong></span> <span class='ocrx_word' id='word_1_307' title='bbox 1002 2807 1033 2841; x_wconf 88' lang='lat' dir='ltr'><strong>zu</strong></span> <span class='ocrx_word' id='word_1_308' title='bbox 1053 2782 1261 2855; x_wconf 62' lang='lat' dir='ltr'>strigoniensis</span> 
     </span>
     <span class='ocr_line' id='line_1_32' title="bbox 203 2851 1260 2923; baseline -0.004 -18"><span class='ocrx_word' id='word_1_309' title='bbox 203 2856 245 2905; x_wconf 88' lang='lat' dir='ltr'><strong>ein</strong></span> <span class='ocrx_word' id='word_1_310' title='bbox 268 2854 349 2906; x_wconf 78' lang='lat' dir='ltr'>flecht</span> <span class='ocrx_word' id='word_1_311' title='bbox 376 2857 467 2908; x_wconf 80' lang='lat' dir='ltr'>darauf</span> <span class='ocrx_word' id='word_1_312' title='bbox 490 2859 585 2922; x_wconf 84' lang='lat' dir='ltr'>haben,</span> <span class='ocrx_word' id='word_1_313' title='bbox 613 2875 633 2912; x_wconf 91' lang='lat' dir='ltr'><strong>s.</strong></span> <span class='ocrx_word' id='word_1_314' title='bbox 653 2862 676 2922; x_wconf 88' lang='grc'><strong>3,</strong></span> <span class='ocrx_word' id='word_1_315' title='bbox 696 2864 737 2920; x_wconf 86' lang='grc'><strong>71,</strong></span> <span class='ocrx_word' id='word_1_316' title='bbox 756 2864 785 2923; x_wconf 77' lang='lat'><strong>73</strong></span> <span class='ocrx_word' id='word_1_317' title='bbox 816 2861 850 2910; x_wconf 88' lang='lat' dir='ltr'>im</span> <span class='ocrx_word' id='word_1_318' title='bbox 874 2859 951 2911; x_wconf 79' lang='lat' dir='ltr'>Felde</span> <span class='ocrx_word' id='word_1_319' title='bbox 976 2859 1032 2910; x_wconf 88' lang='lat' dir='ltr'>sind</span> <span class='ocrx_word' id='word_1_320' title='bbox 1059 2859 1096 2909; x_wconf 90' lang='lat' dir='ltr'><strong>sie</strong></span> <span class='ocrx_word' id='word_1_321' title='bbox 1121 2859 1190 2908; x_wconf 89' lang='lat' dir='ltr'>nicbt</span> <span class='ocrx_word' id='word_1_322' title='bbox 1213 2851 1260 2916; x_wconf 88' lang='grc'><strong>1441,</strong></span> 
     </span>
     <span class='ocr_line' id='line_1_33' title="bbox 201 2924 1260 2993; baseline 0.004 -19"><span class='ocrx_word' id='word_1_323' title='bbox 201 2924 310 2976; x_wconf 84' lang='grc'><strong>4441444</strong></span> <span class='ocrx_word' id='word_1_324' title='bbox 333 2933 407 2976; x_wconf 85' lang='grc'><strong>44144</strong></span> <span class='ocrx_word' id='word_1_325' title='bbox 433 2928 487 2977; x_wconf 87' lang='lat' dir='ltr'>dem</span> <span class='ocrx_word' id='word_1_326' title='bbox 504 2928 632 2993; x_wconf 88' lang='lat' dir='ltr'>imperium</span> <span class='ocrx_word' id='word_1_327' title='bbox 650 2927 759 2978; x_wconf 86' lang='lat' dir='ltr'>militare</span> <span class='ocrx_word' id='word_1_328' title='bbox 777 2930 821 2979; x_wconf 86' lang='lat' dir='ltr'>des</span> <span class='ocrx_word' id='word_1_329' title='bbox 838 2928 993 2992; x_wconf 81' lang='lat' dir='ltr'>Feldlrerrn,</span> <span class='ocrx_word' id='word_1_330' title='bbox 1020 2928 1071 2992; x_wconf 81' lang='lat' dir='ltr'>vgl.</span> <span class='ocrx_word' id='word_1_331' title='bbox 1092 2931 1116 2990; x_wconf 81' lang='grc'><strong>1,</strong></span> <span class='ocrx_word' id='word_1_332' title='bbox 1138 2929 1176 2988; x_wconf 84' lang='grc'><strong>16,</strong></span> <span class='ocrx_word' id='word_1_333' title='bbox 1194 2927 1215 2978; x_wconf 80' lang='lat'><strong>8·</strong></span> <span class='ocrx_word' id='word_1_334' title='bbox 1232 2946 1260 2958; x_wconf 87' lang='grc'><strong>-·</strong></span> 
     </span>
     <span class='ocr_line' id='line_1_34' title="bbox 203 2993 1259 3062; baseline -0.002 -18"><span class='ocrx_word' id='word_1_335' title='bbox 203 2997 287 3053; x_wconf 60' lang='lat' dir='ltr'>rolin,</span> <span class='ocrx_word' id='word_1_336' title='bbox 305 2997 330 3056; x_wconf 92' lang='grc'><strong>4,</strong></span> <span class='ocrx_word' id='word_1_337' title='bbox 349 2997 390 3057; x_wconf 88' lang='grc'><strong>31,</strong></span> <span class='ocrx_word' id='word_1_338' title='bbox 411 2997 439 3062; x_wconf 67' lang='grc'><strong>2,</strong></span> <span class='ocrx_word' id='word_1_339' title='bbox 466 2997 611 3061; x_wconf 77' lang='lat' dir='ltr'>nectet,</span> <span class='ocrx_word' id='word_1_340' title='bbox 636 3000 678 3060; x_wconf 76' lang='lat'><strong>123</strong></span> <span class='ocrx_word' id='word_1_341' title='bbox 702 3000 726 3060; x_wconf 84' lang='lat'>8,</span> <span class='ocrx_word' id='word_1_342' title='bbox 747 3000 777 3050; x_wconf 94' lang='grc'><strong>12</strong></span> <span class='ocrx_word' id='word_1_343' title='bbox 796 3013 880 3048; x_wconf 81' lang='lat' dir='ltr'>waren</span> <span class='ocrx_word' id='word_1_344' title='bbox 898 2999 1012 3048; x_wconf 85' lang='lat' dir='ltr'>mebrere</span> <span class='ocrx_word' id='word_1_345' title='bbox 1032 2993 1259 3046; x_wconf 78' lang='lat' dir='ltr'>Consulartribunen</span> 
     </span>
     <span class='ocr_line' id='line_1_35' title="bbox 203 3061 1259 3132; baseline -0.001 -20"><span class='ocrx_word' id='word_1_346' title='bbox 203 3061 230 3112; x_wconf 88' lang='lat' dir='ltr'>in</span> <span class='ocrx_word' id='word_1_347' title='bbox 254 3062 299 3114; x_wconf 87' lang='lat' dir='ltr'>der</span> <span class='ocrx_word' id='word_1_348' title='bbox 322 3063 409 3127; x_wconf 83' lang='lat' dir='ltr'>Stadt,</span> <span class='ocrx_word' id='word_1_349' title='bbox 441 3064 535 3132; x_wconf 85' lang='lat' dir='ltr'>Appius</span> <span class='ocrx_word' id='word_1_350' title='bbox 562 3081 610 3115; x_wconf 88' lang='lat' dir='ltr'><strong>nur</strong></span> <span class='ocrx_word' id='word_1_351' title='bbox 635 3066 679 3115; x_wconf 84' lang='lat' dir='ltr'>der</span> <span class='ocrx_word' id='word_1_352' title='bbox 705 3066 881 3118; x_wconf 86' lang='lat' dir='ltr'>entschiedene</span> <span class='ocrx_word' id='word_1_353' title='bbox 900 3066 1033 3118; x_wconf 82' lang='lat' dir='ltr'>Vertreter</span> <span class='ocrx_word' id='word_1_354' title='bbox 1059 3066 1104 3116; x_wconf 89' lang='lat' dir='ltr'>der</span> <span class='ocrx_word' id='word_1_355' title='bbox 1129 3064 1212 3115; x_wconf 86' lang='lat' dir='ltr'>Saehe.</span> <span class='ocrx_word' id='word_1_356' title='bbox 1230 3083 1259 3094; x_wconf 86' lang='grc'>-</span> 
     </span>
     <span class='ocr_line' id='line_1_36' title="bbox 201 3134 1258 3251; baseline 0 -67"><span class='ocrx_word' id='word_1_357' title='bbox 201 3135 307 3251; x_wconf 52' lang='lat' dir='ltr'>menta,</span> <span class='ocrx_word' id='word_1_358' title='bbox 328 3136 368 3196; x_wconf 88' lang='grc'><strong>26,</strong></span> <span class='ocrx_word' id='word_1_359' title='bbox 386 3136 411 3198; x_wconf 90' lang='grc'><strong>2,</strong></span> <span class='ocrx_word' id='word_1_360' title='bbox 432 3137 471 3188; x_wconf 78' lang='lat' dir='ltr'><strong>lb.</strong></span> <span class='ocrx_word' id='word_1_361' title='bbox 491 3161 523 3170; x_wconf 98' lang='lat'>-</span> <span class='ocrx_word' id='word_1_362' title='bbox 542 3144 612 3197; x_wconf 74' lang='grc'><strong>4441,</strong></span> <span class='ocrx_word' id='word_1_363' title='bbox 630 3138 655 3198; x_wconf 88' lang='grc'><strong>4,</strong></span> <span class='ocrx_word' id='word_1_364' title='bbox 673 3136 715 3187; x_wconf 83' lang='grc'><strong>48.</strong></span> <span class='ocrx_word' id='word_1_365' title='bbox 734 3161 766 3172; x_wconf 86' lang='grc'><strong>-·</strong></span> <span class='ocrx_word' id='word_1_366' title='bbox 784 3140 863 3200; x_wconf 72' lang='lat' dir='ltr'><strong>colloq.</strong></span> <span class='ocrx_word' id='word_1_367' title='bbox 882 3134 917 3185; x_wconf 83' lang='lat' dir='ltr'>ist</span> <span class='ocrx_word' id='word_1_368' title='bbox 935 3150 980 3186; x_wconf 80' lang='lat' dir='ltr'><strong>aus</strong></span> <span class='ocrx_word' id='word_1_369' title='bbox 998 3135 1090 3186; x_wconf 70' lang='grc'><strong>1411144.</strong></span> <span class='ocrx_word' id='word_1_370' title='bbox 1110 3143 1158 3197; x_wconf 80' lang='lat' dir='ltr'>pot.</span> <span class='ocrx_word' id='word_1_371' title='bbox 1178 3146 1206 3180; x_wconf 78' lang='lat' dir='ltr'><strong>zu</strong></span> <span class='ocrx_word' id='word_1_372' title='bbox 1223 3139 1258 3177; x_wconf 77' lang='lat'><strong>⁰¹⁸·</strong></span> 
     </span>
     <span class='ocr_line' id='line_1_37' title="bbox 249 3217 300 3253; baseline 0.039 -2"><span class='ocrx_word' id='word_1_373' title='bbox 249 3217 300 3253; x_wconf 88' lang='grc'><strong>444.</strong></span> 
     </span>
    </p>
   </div>
   <div class='ocr_carea' id='block_1_4' title="bbox 203 3278 1334 3904">
    <p class='ocr_par' dir='ltr' id='par_1_5' title="bbox 203 3278 1334 3904">
     <span class='ocr_line' id='line_1_38' title="bbox 273 3278 1256 3356; baseline -0.01 -12"><span class='ocrx_word' id='word_1_374' title='bbox 273 3283 302 3344; x_wconf 73' lang='grc'><strong>3.</strong></span> <span class='ocrx_word' id='word_1_375' title='bbox 337 3290 411 3340; x_wconf 87' lang='grc'><strong>1-6.</strong></span> <span class='ocrx_word' id='word_1_376' title='bbox 442 3292 505 3353; x_wconf 71' lang='lat' dir='ltr'>iam,</span> <span class='ocrx_word' id='word_1_377' title='bbox 532 3305 582 3339; x_wconf 89' lang='lat' dir='ltr'><strong>von</strong></span> <span class='ocrx_word' id='word_1_378' title='bbox 601 3299 652 3340; x_wconf 79' lang='lat' dir='ltr'><strong>tum</strong></span> <span class='ocrx_word' id='word_1_379' title='bbox 669 3305 700 3340; x_wconf 86' lang='lat' dir='ltr'><strong>zu</strong></span> <span class='ocrx_word' id='word_1_380' title='bbox 716 3296 836 3356; x_wconf 86' lang='lat' dir='ltr'>trennen,</span> <span class='ocrx_word' id='word_1_381' title='bbox 860 3290 950 3354; x_wconf 80' lang='lat' dir='ltr'>geh&#39;o&#39;rt</span> <span class='ocrx_word' id='word_1_382' title='bbox 967 3304 1022 3339; x_wconf 87' lang='lat' dir='ltr'><strong>zum</strong></span> <span class='ocrx_word' id='word_1_383' title='bbox 1041 3287 1112 3352; x_wconf 75' lang='lat' dir='ltr'>llolg.</span> <span class='ocrx_word' id='word_1_384' title='bbox 1131 3315 1165 3325; x_wconf 89' lang='lat'>—</span> <span class='ocrx_word' id='word_1_385' title='bbox 1180 3278 1256 3334; x_wconf 72' lang='grc'><strong>44411</strong></span> 
     </span>
     <span class='ocr_line' id='line_1_39' title="bbox 204 3349 1257 3423; baseline -0.002 -17"><span class='ocrx_word' id='word_1_386' title='bbox 204 3355 286 3419; x_wconf 79' lang='lat' dir='ltr'>Bezng</span> <span class='ocrx_word' id='word_1_387' title='bbox 310 3354 397 3414; x_wconf 78' lang='grc'><strong>4414,</strong></span> <span class='ocrx_word' id='word_1_388' title='bbox 416 3359 458 3417; x_wconf 82' lang='grc'><strong>48,</strong></span> <span class='ocrx_word' id='word_1_389' title='bbox 477 3361 504 3410; x_wconf 84' lang='lat'><strong>5:</strong></span> <span class='ocrx_word' id='word_1_390' title='bbox 538 3363 654 3410; x_wconf 75' lang='grc'><strong>4414414444</strong></span> <span class='ocrx_word' id='word_1_391' title='bbox 677 3369 797 3410; x_wconf 76' lang='grc'><strong>44114-</strong></span> <span class='ocrx_word' id='word_1_392' title='bbox 822 3362 845 3408; x_wconf 76' lang='lat' dir='ltr'><strong>ei</strong></span> <span class='ocrx_word' id='word_1_393' title='bbox 868 3375 932 3422; x_wconf 77' lang='lat' dir='ltr'><strong>umq.</strong></span> <span class='ocrx_word' id='word_1_394' title='bbox 950 3365 1007 3423; x_wconf 80' lang='grc'><strong>414,</strong></span> <span class='ocrx_word' id='word_1_395' title='bbox 1030 3355 1150 3421; x_wconf 75' lang='lat' dir='ltr'>llingang,</span> <span class='ocrx_word' id='word_1_396' title='bbox 1173 3369 1203 3403; x_wconf 84' lang='grc'><strong>44</strong></span> <span class='ocrx_word' id='word_1_397' title='bbox 1220 3349 1257 3397; x_wconf 71' lang='lat'><strong>(1²⁸</strong></span> 
     </span>
     <span class='ocr_line' id='line_1_40' title="bbox 204 3422 1258 3493; baseline -0.005 -20"><span class='ocrx_word' id='word_1_398' title='bbox 204 3422 336 3475; x_wconf 81' lang='grc'><strong>4141144144</strong></span> <span class='ocrx_word' id='word_1_399' title='bbox 353 3427 398 3476; x_wconf 88' lang='grc'><strong>144</strong></span> <span class='ocrx_word' id='word_1_400' title='bbox 414 3425 539 3478; x_wconf 86' lang='lat' dir='ltr'>Tribnnen</span> <span class='ocrx_word' id='word_1_401' title='bbox 557 3426 723 3493; x_wconf 82' lang='lat' dir='ltr'>ankniiplend,</span> <span class='ocrx_word' id='word_1_402' title='bbox 744 3427 794 3490; x_wconf 75' lang='lat' dir='ltr'>vgl.</span> <span class='ocrx_word' id='word_1_403' title='bbox 809 3429 834 3487; x_wconf 88' lang='grc'><strong>4,</strong></span> <span class='ocrx_word' id='word_1_404' title='bbox 853 3429 877 3492; x_wconf 90' lang='grc'><strong>3,</strong></span> <span class='ocrx_word' id='word_1_405' title='bbox 897 3429 921 3482; x_wconf 79' lang='grc'><strong>2,</strong></span> <span class='ocrx_word' id='word_1_406' title='bbox 940 3427 1005 3476; x_wconf 84' lang='grc'><strong>1444</strong></span> <span class='ocrx_word' id='word_1_407' title='bbox 1024 3427 1038 3488; x_wconf 73' lang='grc' dir='ltr'><strong>ξ</strong></span> <span class='ocrx_word' id='word_1_408' title='bbox 1054 3425 1093 3478; x_wconf 90' lang='grc'><strong>31.</strong></span> <span class='ocrx_word' id='word_1_409' title='bbox 1108 3423 1258 3476; x_wconf 74' lang='lat' dir='ltr'>suillorum</span> 
     </span>
     <span class='ocr_line' id='line_1_41' title="bbox 205 3491 1254 3562; baseline 0.006 -20"><span class='ocrx_word' id='word_1_410' title='bbox 205 3493 248 3543; x_wconf 90' lang='lat' dir='ltr'>des</span> <span class='ocrx_word' id='word_1_411' title='bbox 265 3491 385 3544; x_wconf 81' lang='lat' dir='ltr'>Treibens</span> <span class='ocrx_word' id='word_1_412' title='bbox 406 3495 543 3547; x_wconf 78' lang='grc'><strong>1444411444.</strong></span> <span class='ocrx_word' id='word_1_413' title='bbox 562 3525 596 3533; x_wconf 95' lang='grc'>-</span> <span class='ocrx_word' id='word_1_414' title='bbox 617 3515 668 3561; x_wconf 80' lang='lat' dir='ltr'>auo,</span> <span class='ocrx_word' id='word_1_415' title='bbox 691 3500 715 3558; x_wconf 88' lang='lat'>3,</span> <span class='ocrx_word' id='word_1_416' title='bbox 734 3498 776 3562; x_wconf 91' lang='grc'><strong>68,</strong></span> <span class='ocrx_word' id='word_1_417' title='bbox 797 3498 835 3550; x_wconf 87' lang='lat' dir='ltr'>to.</span> <span class='ocrx_word' id='word_1_418' title='bbox 856 3522 885 3532; x_wconf 92' lang='lat'>-</span> <span class='ocrx_word' id='word_1_419' title='bbox 907 3499 1001 3558; x_wconf 77' lang='grc'><strong>41441444,</strong></span> <span class='ocrx_word' id='word_1_420' title='bbox 1019 3499 1043 3558; x_wconf 96' lang='grc'><strong>4,</strong></span> <span class='ocrx_word' id='word_1_421' title='bbox 1062 3499 1102 3557; x_wconf 84' lang='grc'><strong>35,</strong></span> <span class='ocrx_word' id='word_1_422' title='bbox 1122 3498 1144 3547; x_wconf 90' lang='grc'><strong>9.</strong></span> <span class='ocrx_word' id='word_1_423' title='bbox 1162 3517 1192 3528; x_wconf 85' lang='lat'><em>-</em></span> <span class='ocrx_word' id='word_1_424' title='bbox 1208 3491 1254 3536; x_wconf 66' lang='lat' dir='ltr'><strong>Wl·</strong></span> 
     </span>
     <span class='ocr_line' id='line_1_42' title="bbox 203 3565 1256 3629; baseline 0.006 -17"><span class='ocrx_word' id='word_1_425' title='bbox 203 3565 266 3628; x_wconf 77' lang='lat' dir='ltr'>tat,</span> <span class='ocrx_word' id='word_1_426' title='bbox 293 3565 335 3626; x_wconf 85' lang='lat'>36,</span> <span class='ocrx_word' id='word_1_427' title='bbox 361 3565 403 3625; x_wconf 90' lang='grc'><strong>28,</strong></span> <span class='ocrx_word' id='word_1_428' title='bbox 428 3567 454 3628; x_wconf 90' lang='grc'><strong>4,</strong></span> <span class='ocrx_word' id='word_1_429' title='bbox 484 3565 596 3629; x_wconf 72' lang='lat' dir='ltr'>degegen</span> <span class='ocrx_word' id='word_1_430' title='bbox 618 3583 667 3627; x_wconf 78' lang='lat' dir='ltr'><strong>pro</strong></span> <span class='ocrx_word' id='word_1_431' title='bbox 693 3575 754 3616; x_wconf 74' lang='lat' dir='ltr'>certo</span> <span class='ocrx_word' id='word_1_432' title='bbox 778 3566 801 3613; x_wconf 82' lang='lat' dir='ltr'><strong>b.</strong></span> <span class='ocrx_word' id='word_1_433' title='bbox 822 3579 844 3614; x_wconf 87' lang='grc'><strong>4.</strong></span> <span class='ocrx_word' id='word_1_434' title='bbox 868 3567 906 3627; x_wconf 91' lang='grc'><strong>11,</strong></span> <span class='ocrx_word' id='word_1_435' title='bbox 929 3568 974 3627; x_wconf 81' lang='lat'><strong>153</strong></span> <span class='ocrx_word' id='word_1_436' title='bbox 1010 3568 1034 3626; x_wconf 95' lang='grc'><strong>4,</strong></span> <span class='ocrx_word' id='word_1_437' title='bbox 1054 3567 1095 3628; x_wconf 83' lang='grc'><strong>35,</strong></span> <span class='ocrx_word' id='word_1_438' title='bbox 1116 3566 1130 3617; x_wconf 92' lang='grc'><strong>8</strong></span> <span class='ocrx_word' id='word_1_439' title='bbox 1149 3579 1171 3611; x_wconf 84' lang='lat'><strong>11·</strong></span> <span class='ocrx_word' id='word_1_440' title='bbox 1190 3573 1210 3609; x_wconf 87' lang='lat'><strong>⁰·</strong></span> <span class='ocrx_word' id='word_1_441' title='bbox 1227 3576 1256 3589; x_wconf 77' lang='lat'><strong>·&#39;</strong></span> 
     </span>
     <span class='ocr_line' id='line_1_43' title="bbox 203 3627 1334 3698; baseline -0.011 -19"><span class='ocrx_word' id='word_1_442' title='bbox 203 3635 287 3693; x_wconf 78' lang='lat' dir='ltr'>nullia,</span> <span class='ocrx_word' id='word_1_443' title='bbox 308 3630 369 3681; x_wconf 78' lang='lat' dir='ltr'>weil</span> <span class='ocrx_word' id='word_1_444' title='bbox 385 3637 543 3686; x_wconf 69' lang='lat' dir='ltr'>aee-duta.</span> <span class='ocrx_word' id='word_1_445' title='bbox 557 3634 639 3698; x_wconf 80' lang='lat' dir='ltr'>gleich</span> <span class='ocrx_word' id='word_1_446' title='bbox 657 3634 693 3684; x_wconf 90' lang='lat' dir='ltr'><strong>ist</strong></span> <span class='ocrx_word' id='word_1_447' title='bbox 712 3651 793 3684; x_wconf 78' lang='lat' dir='ltr'>omnes</span> <span class='ocrx_word' id='word_1_448' title='bbox 810 3637 944 3684; x_wconf 78' lang='lat' dir='ltr'>concedunt.</span> <span class='ocrx_word' id='word_1_449' title='bbox 958 3659 991 3669; x_wconf 92' lang='lat'>-</span> <span class='ocrx_word' id='word_1_450' title='bbox 1008 3636 1109 3684; x_wconf 65' lang='lat' dir='ltr'>iniuriis</span> <span class='ocrx_word' id='word_1_451' title='bbox 1121 3651 1150 3693; x_wconf 86' lang='lat' dir='ltr'><strong>o.‚</strong></span> <span class='ocrx_word' id='word_1_452' title='bbox 1167 3627 1203 3677; x_wconf 90' lang='lat' dir='ltr'><strong>die</strong></span> <span class='ocrx_word' id='word_1_453' title='bbox 1215 3635 1254 3670; x_wconf 85' lang='lat' dir='ltr'><strong>von</strong></span> <span class='ocrx_word' id='word_1_454' title='bbox 1333 3655 1334 3658; x_wconf 66' lang='lat'>,</span> 
     </span>
     <span class='ocr_line' id='line_1_44' title="bbox 203 3693 1255 3768; baseline -0.008 -22"><span class='ocrx_word' id='word_1_455' title='bbox 203 3700 267 3747; x_wconf 84' lang='grc'><strong>44414</strong></span> <span class='ocrx_word' id='word_1_456' title='bbox 288 3699 437 3763; x_wconf 87' lang='grc'><strong>4411114444,</strong></span> <span class='ocrx_word' id='word_1_457' title='bbox 457 3704 498 3760; x_wconf 91' lang='grc'><strong>29,</strong></span> <span class='ocrx_word' id='word_1_458' title='bbox 521 3705 560 3764; x_wconf 92' lang='grc'><strong>18,</strong></span> <span class='ocrx_word' id='word_1_459' title='bbox 584 3704 628 3764; x_wconf 78' lang='lat'><strong>183</strong></span> <span class='ocrx_word' id='word_1_460' title='bbox 657 3706 681 3762; x_wconf 89' lang='grc'><strong>4,</strong></span> <span class='ocrx_word' id='word_1_461' title='bbox 700 3706 741 3764; x_wconf 87' lang='grc'><strong>55,</strong></span> <span class='ocrx_word' id='word_1_462' title='bbox 760 3705 789 3754; x_wconf 78' lang='lat'><strong>5:</strong></span> <span class='ocrx_word' id='word_1_463' title='bbox 815 3720 887 3764; x_wconf 75' lang='lat' dir='ltr'>suae,</span> <span class='ocrx_word' id='word_1_464' title='bbox 907 3701 966 3752; x_wconf 88' lang='lat' dir='ltr'>weil</span> <span class='ocrx_word' id='word_1_465' title='bbox 984 3701 1045 3768; x_wconf 86' lang='lat' dir='ltr'>App.</span> <span class='ocrx_word' id='word_1_466' title='bbox 1065 3701 1133 3750; x_wconf 85' lang='lat' dir='ltr'>nieht</span> <span class='ocrx_word' id='word_1_467' title='bbox 1149 3693 1255 3762; x_wconf 75' lang='lat' dir='ltr'>gerudezu</span> 
     </span>
     <span class='ocr_line' id='line_1_45' title="bbox 205 3758 1255 3834; baseline 0.005 -20"><span class='ocrx_word' id='word_1_468' title='bbox 205 3769 322 3826; x_wconf 72' lang='lat' dir='ltr'>gestehen</span> <span class='ocrx_word' id='word_1_469' title='bbox 340 3768 404 3829; x_wconf 85' lang='lat' dir='ltr'>will,</span> <span class='ocrx_word' id='word_1_470' title='bbox 423 3770 480 3819; x_wconf 89' lang='lat' dir='ltr'>dass</span> <span class='ocrx_word' id='word_1_471' title='bbox 499 3770 539 3820; x_wconf 91' lang='lat' dir='ltr'><strong>die</strong></span> <span class='ocrx_word' id='word_1_472' title='bbox 558 3769 682 3821; x_wconf 84' lang='lat' dir='ltr'>Potrieier</span> <span class='ocrx_word' id='word_1_473' title='bbox 699 3771 773 3821; x_wconf 87' lang='lat' dir='ltr'>ibnen</span> <span class='ocrx_word' id='word_1_474' title='bbox 793 3769 903 3820; x_wconf 88' lang='lat' dir='ltr'>Unrecbt</span> <span class='ocrx_word' id='word_1_475' title='bbox 920 3768 1039 3834; x_wconf 79' lang='lat' dir='ltr'>zugeliigt</span> <span class='ocrx_word' id='word_1_476' title='bbox 1057 3769 1136 3820; x_wconf 86' lang='lat' dir='ltr'>haben</span> <span class='ocrx_word' id='word_1_477' title='bbox 1156 3758 1255 3829; x_wconf 70' lang='grc'><strong>(44414114</strong></span> 
     </span>
     <span class='ocr_line' id='line_1_46' title="bbox 206 3831 1255 3904; baseline 0.004 -20"><span class='ocrx_word' id='word_1_478' title='bbox 206 3831 358 3901; x_wconf 63' lang='grc'><strong>1141«6,49,</strong></span> <span class='ocrx_word' id='word_1_479' title='bbox 378 3840 401 3888; x_wconf 88' lang='grc'><strong>4.</strong></span> <span class='ocrx_word' id='word_1_480' title='bbox 421 3864 452 3873; x_wconf 94' lang='grc'>-</span> <span class='ocrx_word' id='word_1_481' title='bbox 464 3841 583 3901; x_wconf 71' lang='lat' dir='ltr'>suerum,</span> <span class='ocrx_word' id='word_1_482' title='bbox 603 3839 653 3902; x_wconf 75' lang='lat' dir='ltr'>vgl.</span> <span class='ocrx_word' id='word_1_483' title='bbox 672 3842 695 3904; x_wconf 91' lang='grc'><strong>2,</strong></span> <span class='ocrx_word' id='word_1_484' title='bbox 715 3843 757 3903; x_wconf 90' lang='grc'><strong>21,</strong></span> <span class='ocrx_word' id='word_1_485' title='bbox 779 3843 809 3903; x_wconf 79' lang='lat'><strong>63</strong></span> <span class='ocrx_word' id='word_1_486' title='bbox 830 3839 892 3890; x_wconf 84' lang='lat' dir='ltr'>Sall.</span> <span class='ocrx_word' id='word_1_487' title='bbox 912 3837 940 3890; x_wconf 88' lang='lat' dir='ltr'><strong>H.</strong></span> <span class='ocrx_word' id='word_1_488' title='bbox 963 3843 984 3903; x_wconf 91' lang='lat'>1,</span> <span class='ocrx_word' id='word_1_489' title='bbox 1003 3842 1019 3892; x_wconf 85' lang='lat'><strong>9</strong></span> <span class='ocrx_word' id='word_1_490' title='bbox 1043 3839 1105 3904; x_wconf 86' lang='lat'>(10):</span> <span class='ocrx_word' id='word_1_491' title='bbox 1123 3836 1255 3888; x_wconf 56' lang='lat' dir='ltr'>interm*</span> 
     </span>
    </p>
   </div>
   <div class='ocr_carea' id='block_1_5' title="bbox 0 0 1396 4198">
    <p class='ocr_par' dir='ltr' id='par_1_6' title="bbox 0 0 1396 4198">
     <span class='ocr_line' id='line_1_47' title="bbox 0 0 1396 4198; baseline 0 1"><span class='ocrx_word' id='word_1_492' title='bbox 0 0 1396 4198; x_wconf 95' lang='lat' dir='ltr'><strong> </strong></span> 
     </span>
    </p>
   </div>
  </div>
 </body>
</html>
