2764 4208
156 191 219 256 268
526 190 621 243 crena
638 189 682 242 tv.
718 188 786 242 cnr.
806 193 847 242 ar.
1019 167 1026 182 '
1106 186 1227 227 earm

99 351 143 413 at
242 347 320 408 Haec
343 347 490 416 contentio
512 347 632 407 minime
653 345 760 406 idoneo
774 353 916 424 tempore,
945 363 1012 404 cum
1027 353 1142 406 tantum
1156 341 1230 405 belli

128 441 143 490 2
158 433 189 492 in
204 433 341 494 manibus
351 435 443 505 esset,
458 440 652 510 occupaverat
667 431 854 510 cogitationes
871 430 1034 503 hominnm,
1051 430 1154 506 donec,
1171 429 1228 490 ubi

159 517 209 577 diu
225 518 342 578 alternis
358 518 448 578 Iulius
460 517 682 594 Corneliusque,
699 534 766 578 cum
783 517 818 576 ad
834 516 864 576 id
879 515 988 577 bellum
1003 515 1060 594 ipsi
1076 517 1143 576 satis
1156 514 1228 574 ido-

159 603 207 663 nei
229 603 319 664 duces
335 610 441 675 essent,
465 620 524 663 non
543 621 606 662 esse
623 619 725 662 aecum
741 601 912 662 mandatum
925 601 980 660 sibi
994 619 1010 660 a
1024 602 1135 679 populo
1151 599 1230 677 eripi

130 701 145 752 3
160 689 304 750 honorem
328 689 500 760 disseruere,
522 695 586 747 tnm
602 687 699 759 Ahala,
716 687 856 747 Seruilius
870 686 1008 746 tribunus
1025 686 1158 759 militum,
1178 695 1229 745 ta-

159 773 255 834 cuisse
269 793 301 834 se
315 781 373 834 tam
389 774 440 834 diu
454 774 500 847 ait,
515 791 576 833 non
594 774 660 850 quia
675 773 804 832 incertus
819 771 978 832 sententiae
986 772 1122 831 inerit—
1133 789 1228 849 quem

159 859 239 920 enim
256 857 370 920 bonum
385 859 478 920 civem
492 876 645 918 secernere
662 853 1079 936 suaapubticisconsiliat-‚
1094 856 1144 918 sed
1157 856 1230 934 quia

159 945 293 1006 maluerit
307 945 428 1022 collegas
443 962 496 1004 sua
509 951 615 1021 sponte
631 943 734 1002 cedere
750 943 911 1003 auctoritati
925 951 1052 1013 senatus,
1067 959 1155 1019 qnam
1167 942 1228 1000 tri-

129 1029 308 1092 thunitiam
324 1038 494 1109 potestatem
510 1029 650 1088 adversus
665 1047 696 1088 se
710 1028 850 1107 inplorari
870 1035 1046 1106 paterentur.
1068 1035 1131 1088 tum
1146 1044 1229 1104 quo-

161 1134 228 1193 qne,
243 1115 267 1175 si
281 1133 330 1175 res
346 1115 462 1186 sineret,
476 1113 601 1174 libenter
613 1133 644 1173 se
660 1114 798 1173 daturum
813 1123 929 1190 tempus
943 1113 968 1172 is
985 1112 1076 1172 luisse
1090 1111 1126 1172 ad
1140 1129 1229 1171 rece-

160 1210 243 1278 ptum
260 1200 348 1260 nimis
365 1199 521 1277 pertinacis
536 1199 713 1269 sententiae3
729 1198 781 1258 sed
796 1217 865 1258 cum
878 1197 946 1258 belli
962 1198 1147 1258 necessitates
1161 1215 1229 1256 non

160 1292 314 1362 expectent
329 1284 457 1345 humana
470 1284 605 1355 consilia,
632 1283 777 1362 potiorem
792 1283 847 1342 sibi
862 1283 1038 1360 collegarum
1057 1282 1145 1361 gratia
1160 1300 1230 1341 rem

131 1368 306 1446 5publicam
329 1371 409 1443 fore,
432 1377 475 1441 et,
496 1370 521 1428 si
543 1377 659 1428 maneat
678 1369 710 1429 in
727 1369 869 1428 sententia
891 1375 1025 1441 sciretne,
1055 1367 1230 1427 dictatorem

160 1461 246 1513 nocte
261 1455 395 1532 proxima
411 1453 567 1526 dicturum,
592 1472 634 1529 ac,
652 1454 676 1514 si
691 1453 757 1531 quis
771 1453 932 1514 intercedat
945 1461 1063 1514 senatus
1081 1452 1231 1524 consulto,

130 1539 329 1608 tauctoritate
349 1558 381 1599 se
403 1542 467 1600 lore
489 1547 670 1600 contentum.
707 1557 766 1617 qno
790 1541 866 1599 lacto
882 1557 951 1598 cum
966 1539 1042 1599 haud
1060 1538 1230 1598 inmeritam

158 1623 275 1685 laudem
298 1626 477 1705 gratiamque
499 1625 578 1703 apud
601 1625 697 1684 omnis
716 1624 857 1696 tulisset,
874 1614 1018 1684 dictatore
1035 1622 1067 1683 P.
1089 1623 1230 1684 Cornelio

160 1709 236 1771 dicto
251 1710 314 1788 ipse
329 1710 365 1770 ab
382 1729 418 1771 eo
433 1712 570 1789 magister
586 1710 717 1788 equitum
742 1717 856 1769 creatus
879 1709 1013 1787 exemplo
1034 1708 1090 1782 fuit
1110 1708 1232 1786 collegis

159 1815 190 1856 ae
207 1813 335 1874 eumque
351 1796 542 1867 intuentibus,
564 1813 657 1873 quam¹
674 1796 763 1874 gratia
783 1803 870 1872 atque
895 1794 991 1853 honos
1014 1793 1231 1873 opportuniora

131 1900 145 1949 γ
159 1879 307 1942 interdum
325 1899 385 1941 non
401 1880 586 1960 cupientibus
603 1888 709 1940 essent.
741 1878 852 1939 bellum
865 1878 944 1940 hand
959 1879 1145 1938 memorabile
1161 1879 1232 1938 suit

161 1984 222 2025 uno
239 1977 325 2044 atque
342 1985 376 2026 eo
393 1967 468 2026 facili
484 1966 596 2045 proelio
614 1965 689 2025 caesi
707 1964 743 2024 ad
759 1965 880 2025 Antium
894 1965 1010 2037 hostes3
1034 1963 1126 2024 victor
1139 1982 1231 2024 exer-

160 2051 234 2111 citus
249 2050 440 2128 depopulatus
457 2050 595 2110 Volscum
611 2067 731 2128 agrum3
753 2049 902 2110 castellum
918 2050 952 2108 ad
968 2049 1063 2110 laeum
1080 2049 1231 2109 Fucinum

221 2196 281 2258 57.
303 2204 374 2253 1-3.
396 2212 489 2253 tanrom
505 2205 569 2264 torti,
587 2217 606 2252 s.
624 2217 645 2252 o.
666 2204 706 2266 58,
726 2203 756 2267 3;
775 2203 799 2264 2,
820 2203 844 2266 8,
863 2203 892 2266 83
912 2204 953 2262 34,
965 2203 1045 2266 27,1:
1063 2217 1115 2251 arm
1131 2211 1230 2251 aarum

158 2273 214 2320 tetra·
230 2275 393 2322 circumstaret
412 2281 551 2334 tyrannum.
577 2270 622 2320 nio
641 2272 795 2334 Bemerkung
812 2270 879 2319 steht
896 2268 966 2318 nicht
983 2284 1047 2333 ganz
1063 2269 1087 2318 in
1102 2268 1231 2334 Einklang

158 2338 204 2388 mit
220 2337 237 2404 ἓ
258 2343 288 2403 ῖς
304 2356 325 2390 c.
347 2342 386 2403 56,
407 2344 431 2391 8.
445 2367 477 2376 -
489 2345 517 2390 in
534 2343 632 2401 manib,
650 2345 724 2389 unter
742 2340 790 2388 den
802 2337 947 2388 Htuden—
957 2353 1004 2388 vor
1021 2337 1121 2398 hahent
1135 2339 1230 2388 undere

160 2409 184 2471 3,
205 2410 244 2470 13,
266 2410 296 2460 3:
316 2414 380 2461 inter
399 2426 492 2460 monus
509 2435 544 2446 -
560 2426 667 2470 occuper.
688 2407 805 2458 schlicsst
822 2408 868 2457 den
888 2404 979 2470 Erlolg
995 2405 1035 2456 cin
1052 2430 1087 2450 =
1104 2417 1231 2468 occupatos

158 2480 256 2539 mutat,
274 2493 294 2527 s.
315 2479 339 2541 3,
359 2481 400 2541 20,
421 2481 441 2530 1.
462 2505 493 2513 -
514 2482 573 2531 tatio
589 2481 654 2528 idon.
674 2477 723 2536 uie
746 2492 767 2524 e.
785 2480 826 2537 45,
846 2479 869 2528 l.
895 2505 927 2516 -
954 2479 1024 2537 met,
1042 2475 1229 2538 iibertreilreud,

159 2562 178 2596 s.
197 2549 222 2607 2,
245 2548 284 2606 18,
303 2549 334 2612 63
352 2549 377 2608 3,
393 2549 435 2608 29,
454 2548 589 2608 2.-tum,
607 2546 716 2596 welches
734 2546 798 2595 uach
814 2548 886 2594 donec
903 2543 972 2594 nicht
989 2544 1150 2608 nothwendig
1161 2557 1229 2606 wer,

159 2615 307 2665 erleichtert
327 2615 367 2665 dic
394 2614 541 2665 Uebersicht
557 2616 602 2665 der
619 2629 647 2664 so
666 2613 843 2665 verschiedene
860 2612 1036 2665 Verhiiltnisse
1054 2610 1230 2662 umfassenden

159 2681 272 2733 Perinde.
290 2709 325 2719 -
342 2685 436 2748 Servat,
455 2684 506 2747 vgl.
525 2687 549 2748 5,
569 2686 593 2745 9,
615 2687 637 2734 5.
647 2710 681 2719 -
698 2688 803 2734 incertus
819 2681 867 2731 mit
883 2682 937 2732 dem
956 2679 1058 2732 Genitiv
1078 2681 1154 2731 findet
1173 2681 1230 2732 sich

159 2766 207 2800 vor
224 2749 252 2801 L.
270 2751 340 2800 nicht
358 2751 384 2802 in
401 2750 494 2812 Prota,
519 2767 539 2801 s.
556 2767 577 2802 c.
598 2753 639 2814 23,
659 2753 688 2814 33
718 2753 759 2811 24,
779 2754 822 2814 24,
841 2753 865 2802 9.
894 2777 929 2786 --
955 2767 1087 2812 ocurrere,
1114 2749 1164 2814 vgl.
1184 2752 1230 2812 23,

227 2890 305 2939 4-5.
336 2898 462 2953 receptum,
479 2888 676 2952 Zuriicknalrme‚
697 2887 752 2938 eine
769 2887 900 2938 vielleiclrt
914 2904 961 2937 nur
979 2887 1034 2938 hier
1046 2887 1099 2936 sich
1114 2887 1231 2938 findendo

160 2955 303 3019 Bedeutnng
330 2957 373 3007 des
391 2956 514 3008 ·Wortes.
544 2985 577 2996 -—
604 2960 660 3008 betti
683 2974 786 3021 neme,
812 2959 854 3023 28,
875 2959 916 3020 22,
934 2959 962 3008 2:
993 2967 1060 3008 extra
1081 2959 1232 3008 nemtdateo

160 3026 221 3074 betti.
246 3051 273 3060 —
295 3028 415 3089 interced,
448 3025 518 3076 einer
544 3027 590 3076 der
608 3025 750 3076 Consular-
771 3026 830 3075 oder
857 3025 1068 3088 Volkstribunen,
1095 3041 1115 3074 c
1137 3027 1178 3088 36,
1203 3027 1230 3076 3.

161 3091 247 3157 Gegen
273 3094 316 3144 das
342 3093 411 3145 Euda
434 3095 479 3146 der
503 3095 627 3160 Republik
650 3093 803 3157 wenigstens
830 3094 898 3144 hiess
932 3094 973 3144 eiu
999 3093 1229 3156 Senatsboschluss,

161 3163 205 3212 der
223 3178 293 3213 zwnr
312 3161 508 3229 anigezeichnet‚
527 3165 596 3230 aber,
619 3163 680 3214 weil
700 3165 812 3226 dagcgen
827 3161 975 3213 intercedit-t
993 3177 1055 3227 war,
1077 3162 1147 3211 nicht
1166 3177 1231 3211 aus-

159 3229 262 3295 geliihrt
275 3233 375 3282 werden
390 3231 481 3292 dni-ite,
499 3232 569 3282 nicht
585 3242 683 3283 senatus
701 3236 840 3295 coneum,
859 3232 965 3282 sondern
982 3241 1077 3282 amatur
1087 3234 1228 3282 auctoritas.

159 3299 204 3349 Die
223 3299 301 3350 Stella
319 3301 394 3365 zeigt‚
417 3302 475 3352 dass
493 3301 534 3352 die
554 3301 634 3353 Wahl
652 3301 719 3351 eines
738 3299 866 3350 Dictatore
884 3299 1048 3364 regelm'aissig
1066 3299 1130 3349 nach
1147 3298 1229 3349 ciuem

160 3367 377 3420 Senatsbesclrluss
396 3368 503 3434 erlolgte
537 3385 562 3420 ca
579 3372 619 3430 13,
641 3373 683 3430 14;
716 3383 795 3432 gagen
817 3369 915 3428 diesen,
934 3368 1005 3418 nicht
1025 3383 1102 3432 gagen
1122 3367 1162 3417 die
1180 3366 1230 3415 Er-

160 3451 274 3557 penpnpg
298 3439 340 3488 des
359 3437 486 3489 Dictatore
509 3407 588 3489 lelbst
606 3439 699 3487 konnte
717 3437 865 3487 intercedirt
884 3437 1000 3502 werden,
1023 3437 1156 3487 Mommsen
1176 3435 1229 3486 Str.

177 3541 183 3566 ‚
221 3509 261 3557 3.
916 3543 918 3546 .

131 3577 133 3582 '
229 3576 304 3627 6-8.
337 3578 423 3638 tuliae,
442 3575 543 3640 erlangt
561 3576 642 3640 hatte,
661 3574 739 3624 daher
757 3578 830 3633 apud.
866 3577 965 3635 deraret,
986 3574 1050 3622 nacla
1069 3574 1115 3623 den
1134 3571 1229 3622 Fasteu

160 3641 201 3692 ein
219 3644 324 3693 auderer
344 3643 381 3693 als
401 3660 421 3693 c.
440 3647 487 3705 563
511 3647 554 3694 49.
571 3671 606 3680 -
620 3647 677 3704 mre,
697 3641 811 3706 obgleieh
830 3641 921 3692 Servil.
939 3643 1003 3691 anch
1023 3641 1063 3692 hei
1080 3646 1141 3692 dioto
1159 3639 1228 3704 logi-

160 3711 231 3761 sches
249 3711 352 3774 Subject
371 3712 411 3772 ist,
431 3729 450 3761 s.
466 3714 488 3775 1,
504 3715 545 3774 28,
561 3714 604 3774 103
622 3713 665 3761 das
681 3709 776 3760 Partic.
791 3711 878 3760 wiirde
893 3710 950 3761 hier
967 3710 1022 3760 eine
1040 3707 1229 3774 schwerldllige

161 3777 302 3830 Construct.
324 3781 466 3830 ceraulasst
483 3780 571 3842 haben,
592 3807 626 3816 —-
644 3797 704 3843 may.
717 3797 762 3846 eq,
780 3795 800 3828 c.
814 3781 855 3842 31,
875 3782 898 3831 5.
915 3806 949 3815 -
966 3797 1045 3843 quam,
1068 3782 1091 3841 3,
1105 3782 1146 3840 45,
1161 3781 1183 3830 1.
1194 3806 1229 3814 —-

160 3861 209 3895 non
228 3864 280 3908 cup.
295 3865 319 3896 n.
338 3865 411 3911 quam
428 3852 584 3911 cupientibus,
605 3849 656 3912 vgl.
677 3850 701 3912 3,
719 3851 762 3909 21,
780 3853 808 3908 73
839 3851 863 3910 2,
882 3851 924 3915 47,
945 3850 983 3901 11.
1002 3875 1036 3884 -
1054 3849 1184 3913 Mirtum,
1203 3845 1230 3895 iu
